@misc{saga_downloads_web,
        author = {{SAGA Releases}},
        url  = {{http://saga.cct.lsu.edu/software/cpp/download}},
     %   note = {\url{http://saga.cct.lsu.edu/software/cpp/download}}
}

@misc{saga_bugtracking_web,
        author = {{SAGA Bugtracking}},
        url  = {{http://faust.cct.lsu.edu/trac/saga/}},
     %   note = {\url{http://faust.cct.lsu.edu/trac/saga/}}
}


@misc{buildbot_web,
        author = {{Edgewall Software - Buildbot}},
        url  = {{http://buildbot.net}},
    %    note = {\url{http://buildbot.net}}
}

@misc{boost_test_web,
        author = {{Boost Test Library}},
        url  = {{http://www.boost.org/doc/libs/1\_41\_0/libs/test/}},
    %    note = {\url{http://www.boost.org/doc/libs/1\_41\_0/libs/test/}}
}

@misc{boost_license_web,
        author = {{Boost Software License 1.0}},
        url  = {{http://www.boost.org/LICENSE_1_0.txt}},
    %    note = {\url{http://www.boost.org/LICENSE_1_0.txt}}
}

@misc{saga_buildbot_web,
        author = {{SAGA Test Results}},
        url  = {{http://faust.cct.lsu.edu/buildbot/saga-release/waterfall}},
     %   note = {\url{http://faust.cct.lsu.edu/buildbot/saga-release/waterfall}}
}