Generated on Mon 23 Jan 2012 11:55:27 PM CET (1327359327).

