Generated on Tue 24 Jan 2012 12:12:38 AM CET (1327360358).
,-------------------.
|  BIBTEX ENTRIES   |
`-------------------'

@inproceedings{dpagrid2009,
  author =        {Shantenu Jha et.al.},
  booktitle =     {The 10th IEEE/ACM Conference on Grid Computing 2009},
  pages =         {1-8},
  title =         {{Critical Perspectives on Large-Scale Distributed
                   Applications and Production Grids (Best Paper
                   Award)}},
  year =          {2009},
  url =           {"http://www.cct.lsu.edu/~sjha/dpa_publications/
                  dpa_grid2009.pdf"},
}

@inproceedings{ko-efficient,
  address =       {Washington, DC, USA},
  author =        {Ko, Soon-Heum and Kim, Nayong and Kim, Joohyun and
                   Thota, Abhinav and Jha, Shantenu},
  booktitle =     {Proceedings of the 2010 10th IEEE/ACM International
                   Conference on Cluster, Cloud and Grid Computing},
  pages =         {349--358},
  publisher =     {IEEE Computer Society},
  series =        {CCGRID '10},
  title =         {Efficient Runtime Environment for Coupled
                   Multi-physics Simulations: Dynamic Resource
                   Allocation and Load-Balancing},
  year =          {2010},
  isbn =          {978-0-7695-4039-9},
}

@inproceedings{DBLP:conf/hpdc/KimHMAJ10,
  author =        {Joohyun Kim and Wei Huang and Sharath Maddineni and
                   Fareed Aboul-Ela and Shantenu Jha},
  booktitle =     {Emerging Computational Methods in the Life Sciences,
                   Proceedings of HPDC},
  pages =         {477--488},
  title =         {Exploring the {RNA} folding energy landscape using
                   scalable distributed cyberinfrastructure},
  year =          {2010},
}

@article{condor-g,
  author =        {Frey, J. and Tannenbaum, T. and Livny, M. and
                   Foster, I. and Tuecke, S.},
  journal =       {Cluster Computing},
  month =         {July},
  number =        {3},
  pages =         {237--246},
  title =         {{Condor-G: A Computation Management Agent for
                   Multi-Institutional Grids}},
  volume =        {5},
  year =          {2002},
}

@article{Wilde2011,
  author =        {Michael Wilde and Mihael Hategan and
                   Justin M. Wozniak and Ben Clifford and Daniel S. Katz and
                   Ian Foster},
  journal =       {Parallel Computing},
  note =          {Emerging Programming Paradigms for Large-Scale
                   Scientific Computing},
  number =        {9},
  pages =         {633--652},
  title =         {Swift: A language for distributed parallel scripting},
  volume =        {37},
  year =          {2011},
}

@inproceedings{Moscicki:908910,
  author =        {Moscicki, J.T.},
  booktitle =     {Nuclear Science Symposium Conference Record, 2003
                   IEEE},
  number =        {},
  pages =         {1617 - 1620},
  title =         {DIANE - distributed analysis environment for
                   GRID-enabled simulation and analysis of physics data},
  volume =        {3},
  year =          {2003},
}

@article{1742-6596-219-6-062049,
  author =        {Adrian Casajus and Ricardo Graciani and
                   Stuart Paterson and Andrei Tsaregorodtsev and
                   the Lhcb Dirac Team},
  journal =       {Journal of Physics: Conference Series},
  number =        {6},
  pages =         {062049},
  title =         {DIRAC pilot framework and the DIRAC Workload
                   Management System},
  volume =        {219},
  year =          {2010},
}

@article{1742-6596-219-6-062041,
  author =        {Po-Hsiang Chiu and Maxim Potekhin},
  journal =       {Journal of Physics: Conference Series},
  number =        {6},
  pages =         {062041},
  title =         {Pilot factory – a Condor-based system for scalable
                   Pilot Job generation in the Panda WMS framework},
  volume =        {219},
  year =          {2010},
}

@misc{topos,
  howpublished =
  {\url{https://grid.sara.nl/wiki/index.php/Using_the_Grid/ToPoS}},
  key =           {Topos},
  title =         {ToPoS - A Token Pool Server for Pilot Jobs},
  year =          {2011},
}

@article{10.1109/HPC.2000.846563,
  address =       {Los Alamitos, CA, USA},
  author =        {Rajkumar Buyya and David Abramson and Jonathan Giddy},
  journal =       {International Conference on High-Performance
                   Computing in the Asia-Pacific Region},
  pages =         {283-289},
  publisher =     {IEEE Computer Society},
  title =         {Nimrod/G: An Architecture for a Resource Management
                   and Scheduling System in a Global Computational Grid},
  volume =        {1},
  year =          {2000},
}

@inproceedings{1362680,
  address =       {New York, NY, USA},
  author =        {Ioan Raicu and Yong Zhao and Catalin Dumitrescu and
                   Ian Foster and Mike Wilde},
  booktitle =     {SC '07: Proceedings of the 2007 ACM/IEEE conference
                   on Supercomputing},
  pages =         {1--12},
  publisher =     {ACM},
  title =         {{Falkon: A Fast and Light-Weight TasK ExecutiON
                   Framework}},
  year =          {2007},
}

@inproceedings{1652061,
  author =        {Walker, E. and Gardner, J.P. and Litvin, V. and
                   Turner, E.L.},
  booktitle =     {Challenges of Large Applications in Distributed
                   Environments, 2006 IEEE},
  month =         {0-0},
  number =        {},
  pages =         {95-103},
  title =         {Creating personal adaptive clusters for managing
                   scientific jobs in a distributed computing
                   environment},
  volume =        {},
  year =          {2006},
}

@misc{bigjob_web,
  howpublished =  {\url{http://faust.cct.lsu.edu/trac/bigjob}},
  key =           {SAGA BigJob},
  title =         {{SAGA BigJob}},
  year =          {2011},
}

@inproceedings{saga_bigjob_condor_cloud,
  author =        {A. Luckow and L. Lacinski and S. Jha},
  booktitle =     {The 10th IEEE/ACM International Symposium on Cluster,
                   Cloud and Grid Computing},
  pages =         {135-144},
  title =         {{SAGA BigJob: An Extensible and Interoperable
                   Pilot-Job Abstraction for Distributed Applications
                   and Systems}},
  year =          {2010},
}

@misc{saga_url,
  note =          {\url{http://www.saga-project.org}},
  title =         {{The SAGA Project}},
}

@techreport{ogf-gfd-90,
  author =        {Tom Goodale and Shantenu Jha and Hartmut Kaiser and
                   Thilo Kielmann and Pascal Kleijer and Andre Merzky and
                   John Shalf and Christopher Smith},
  institution =   {Open Grid Forum},
  publisher =     {{Grid Forum Document GFD.90}},
  type =          {{OGF Recommendation Document}},
  title =         {{A Simple API for Grid Applications (SAGA)}},
  year =          {2007},
}

@misc{redis,
  author =        {{Redis}},
  howpublished =  {\url{http://redis.io/}},
  key =           {Redis},
  year =          {2011},
}

@misc{zmq,
  author =        {{ZeroMQ}},
  howpublished =  {\url{http://www.zeromq.org/}},
  key =           {zmq},
  year =          {2011},
}

@article{Moscicki20092303,
  author =        {J.T. Moscicki {\it et al}},
  journal =       {Computer Physics Communications},
  note =          {},
  number =        {11},
  pages =         {2303 - 2316},
  title =         {Ganga: A tool for computational-task management and
                   easy access to Grid resources},
  volume =        {180},
  year =          {2009},
}

@manual{OMG-CORBA303:2004,
  key =           {OMG},
  month =         {M},
  organization =  {Object Management Group},
  title =         {{Common Object Request Broker Architecture: Core
                   Specification}},
  year =          {2004},
}

@misc{egi,
  author =        {{EGI}},
  howpublished =  {\url{http://www.egi.eu/}},
  key =           {egi},
  year =          {2011},
}

@misc{coasters,
  howpublished =  {\url{http://wiki.cogkit.org/wiki/Coasters}},
  key =           {coasters},
  title =         {Coasters},
  year =          {2009},
}

@inproceedings{saga_gin,
  address =       {Washington, DC, USA},
  author =        {Shantenu Jha and Hartmut Kaiser and Andre Merzky and
                   Ole Weidner},
  booktitle =     {E-SCIENCE '07: Proceedings of the Third IEEE
                   International Conference on e-Science and Grid
                   Computing (e-Science 2007)},
  pages =         {584--591},
  publisher =     {IEEE Computer Society},
  title =         {{Grid Interoperability at the Application Level Using
                   SAGA}},
  year =          {2007},
}

@article{nsf-workflow,
  editor =        {Yolanda Gil and Ewa Deelman},
  note =          {\url{http://www.isi.edu/nsf‐workflows06}},
  publisher =     {National Science Foundation},
  title =         {{Final Report of NSF Workshop on Challenges of
                   Scientific Workflows}},
  year =          {2006},
}

@book{1196459,
  address =       {Secaucus, NJ, USA},
  author =        {Taylor, Ian J. and Deelman, Ewa and Gannon, Dennis B. and
                   Shields, Matthew},
  publisher =     {Springer-Verlag New York, Inc.},
  title =         {Workflows for e-Science: Scientific Workflows for
                   Grids},
  year =          {2006},
  isbn =          {1846285194},
}

@misc{leaky_abstractions,
  author =        {{Joel Spolsky}},
  note =
  {\url{http://www.joelonsoftware.com/articles/LeakyAbstractions.html}},
  title =         {{The Law of Leaky Abstractions}},
}

@misc{saga_advert,
  author =        {Andre Merzky},
  howpublished =  {OGF Document Series 177,
                   \url{http://www.gridforum.org/documents/GFD.177.pdf}},
  title =         {{SAGA API Extension: Advert API}},
  year =          {2011},
}

@misc{fg,
  howpublished =  {\url{https://portal.futuregrid.org/}},
  key =           {FutureGrid},
  title =         {{FutureGrid: An Experimental, High-Performance Grid
                   Test-bed}},
  year =          {2012},
}

@article{bfast2009,
  author =        {Homer, N. and Merriman, B. and Nelson, S. F.},
  journal =       {PLoS One},
  number =        {11},
  pages =         {e7767},
  title =         {{BFAST : An alignment tool for large scale genome
                   resequencing}},
  volume =        {4},
  year =          {2009},
}

@misc{xsede,
  howpublished =  {\url{https://www.xsede.org/}},
  key =           {XSEDE},
  title =         {{XSEDE: Extreme Science and Engineering Discovery
                   Environment}},
  year =          {2012},
}

@article{1742-6596-78-1-012057,
  author =        {Ruth Pordes {\it et al}},
  journal =       {Journal of Physics: Conference Series},
  number =        {1},
  pages =         {012057},
  title =         {The open science grid},
  volume =        {78},
  year =          {2007},
}

@book{hey2009,
  address =       {Redmond, Washington},
  editor =        {Tony Hey and Stewart Tansley and Kristin Tolle},
  publisher =     {Microsoft Research},
  title =         {The Fourth Paradigm: Data-Intensive Scientific
                   Discovery},
  year =          {2009},
}

@misc{pilot_api,
  author =        {{Pilot API}},
  howpublished =
  {\url{https://github.com/drelu/BigJob/blob/master/pstar/api/}},
  key =           {Pilot},
}

@misc{extenci,
  title =         {ExTENCI: Extending Science Through Enhanced National
                   Cyberinfrastructure},
  note =          {\url{https://sites.google.com/site/extenci/}},
}

@misc{bigjob-xsede,
  title =         "{How to Run BigJob on XSEDE}",
  note =          {\url{https://github.com/drelu/BigJob/wiki}},
}


