%% This BibTeX bibliography file was created using BibDesk.
%% http://bibdesk.sourceforge.net/


%% Created for Andre Luckow at 2011-04-22 19:15:15 +0200 


%% Saved with string encoding Unicode (UTF-8) 



@phdthesis{diane-thesis,
	Author = {Jakub Tomasz Moscicki},
	Date-Added = {2011-04-22 19:11:25 +0200},
	Date-Modified = {2011-04-22 19:15:12 +0200},
	School = {University of Amsterdam},
	Title = {Understanding and Mastering Dynamics in Computing Grids: Processing Moldable Tasks with User-Level Overlay},
	Year = {2011}}
	
@inproceedings{Doraimani:2008:FGS:1383422.1383429,
     author = {Doraimani, Shyamala and Iamnitchi, Adriana},
     title = {File grouping for scientific data management: lessons from experimenting with real traces},
     booktitle = {Proceedings of the 17th international symposium on High performance distributed computing},
     series = {HPDC '08},
     year = {2008},
     isbn = {978-1-59593-997-5},
     location = {Boston, MA, USA},
     pages = {153--164},
     numpages = {12},
     url = {http://doi.acm.org/10.1145/1383422.1383429},
     doi = {http://doi.acm.org/10.1145/1383422.1383429},
     acmid = {1383429},
     publisher = {ACM},
     address = {New York, NY, USA},
     keywords = {caching, data management, file grouping, job scheduling, science grids, trace analysis},
} 


@inproceedings{ramakrishnan2011,
 author = {Zacharia Fadika and Elif Dede and Madhusudhan Govindaraju 
 and Lavanya Ramakrishnan},
 title = {Benchmarking MapReduce Implementations for Application Usage Scenarios},
 booktitle = {submitted to The International Conference for High Performance  Computing, Networking, Storage, and Analysis},
 year={2011}
}

@inproceedings{weissman2011,
 author = {Michael Cardosa and Chenyu Wang and Anshuman Nangia and Abhishek Chandra and Jon Weissman},
 title = {Exploring MapReduce Efficiency with Highly-Distributed Data},
 year={2011}
}

@inproceedings{jha2011,
 author = {Shantenu Jha and J.D. Blower and Neil Chue-Hong and Simon Dobson and Daniel S. Katz and Omer Rana},
 title = {3DPAS: Distributed Dynamic Data-intensive Programming Abstractions and Systems},
 year={2011}
}

@inproceeding{gray2000,
author = {Jim Gray, Prashant Shenoy},
 title = {Rules of Thumb in Data Engineering},
 year={2000},
 howpublished={\url{http://research.microsoft.com/en-us/um/people/gray/papers/ms_tr_99_100_rules_of_thumb_in_data_engineering.pdf}}

}