@misc{ogf,
  author   = {},
  title    = {{Open Grid Forum (OGF)}},
  note     = {\url{http://www.ogf.org/}},
}

@techreport{ogf-gfd-70,
  author       = {Shantenu Jha and Andre Merzky},
  title        = {{A Collection of Use Cases for a
                  Simple API for Grid Applications}},
  howpublished = {Grid Forum Document GFD.70},
  type         = {{OGF Informational Document}},
  institution  = {{Open Grid Forum}},
  note         = {\url{http://www.ggf.org/documents/GFD.70.pdf}},
  year         = 2006,
}

@techreport{ogf-gfd-71,
  author       = {Shantenu Jha and Andre Merzky},
  title        = {{A Requirements Analysis for a Simple API for Grid
                  Applications}},
  howpublished = {Grid Forum Document GFD.71},
  type         = {{OGF Informational Document}},
  institution  = {{Open Grid Forum}},
  year         = 2006,
  note         = {\url{http://www.ggf.org/documents/GFD.71.pdf}},
}

@techreport{ogf-gwd-r-96,
  author       = {Andre Merzky and Andre Luckow and Derek Simmel},
  title        = {{SAGA Extension: Checkpoint and Recovery API (CPR)}},
  howpublished = {{Grid Forum Document GFD.XX}},
  type         = {{Draft for an OGF Proposed Recommendation Document}},
  institution  = {{Open Grid Forum}},
  year         = 2008,
  note         = {\url{http://www.ogf.org/OGF27/materials/1767/saga_cpr.pdf}},
}

@techreport{ogf-gwd-r-p-xx,
  author       = {Andre Merzky},
  title        = {{SAGA API Extension: Advert API}},
  howpublished = {{Grid Forum Document GFD.XX}},
  type         = {{Draft for an OGF Proposed Recommendation Document}},
  institution  = {{Open Grid Forum}},
  year         = 2008,
  note         = {\url{http://www.ogf.org/OGF27/materials/1767/saga_adverts.pdf}},
}

@techreport{ogf-gwd-r-94,
  author       = {Andre Merzky},
  title        = {{SAGA API Extension: Message API}},
  howpublished = {{Grid Forum Document GFD.XX}},
  type         = {{Draft for an OGF Proposed Recommendation Document}},
  institution  = {{Open Grid Forum}},
  year         = 2008,
  note         = {\url{http://www.ogf.org/OGF27/materials/1767/saga_messages.pdf}},
}

@techreport{ogf-gfd-90,
  author       = {Tom Goodale and
                 Shantenu Jha and
                 Hartmut Kaiser and
                 Thilo Kielmann and
                 Pascal Kleijer and
                 Andre Merzky and
                 John Shalf and
                 Christopher Smith},
  title        = {{A Simple API for Grid Applications (SAGA)}},
  howpublished = {Grid Forum Document GFD.90},
  type         = {{OGF Proposed Recommendation Document}},
  institution  = {{Open Grid Forum}},
  year         = 2007,
  note         = {Open Grid Forum},
}

