@misc{cactus_web,
        author = {{Cactus Framework}},
        url  = {{http://www.cactuscode.org}}
}

@inproceedings{Cactus_Kamil06a,
	keyword = {performance, general},
	author = {{S. Kamil et al}},
	title = {{Reconfigurable Hybrid Interconnection for Static and DynamicScientific Applications}},
	booktitle = {International Conference for High PerformanceComputing, Networking, Storage and Analysis},
	address = {Tampa, FL},
	year = {2006},
	urlpdf = {http://www.cactuscode.org/Articles/Cactus_Kamil06a.pre.pdf},
}

@Article{Cactus_Shalf05a,
        keyword = {performance, general, computerscience},
        author = {{Jonathan Shalf et al}},
        title = {Common Computational Frameworks as Benchmarking Platforms},
        journal = {},
        year = {2005},
        abstract = {},
        url = {http://www.cactuscode.org/Articles/Common_Frameworks.pdf},
}

@Article{Cactus_CCTTR,
        keyword = {performance, general, computerscience},
        author = {{Jonathan Shalf et al}},
        title = {Cactus as Benchmarking Platform},
        journal = {CCT Technical Reports},
        year = {2007},
        abstract = {},
        url = {http://www.cct.lsu.edu/cct-trs/download.php?file=CCT-TR-2006-3/CCT-TR-2006-3.pdf},
}

@misc{Sidney_Fernbach,
        url  = {{http://www.cactuscode.org/News/SidneyFernbach06}}
}

@INPROCEEDINGS{Cactus_GordonBell,
  note = {Gabrielle Allen et al, ``Supporting Efficient Execution in Heterogeneous Distributed
Computing Environments with Cactus and Globus'', in Proceedings of
Supercomputing 2001, Denver, USA, 2001. [Online]. Available: http://portal.acm.org/citation.cfm?coll=GUIDE\&dl=GUIDE\&id=582086}
}

@misc{netperf_web,
        author = {{NetPerf Homepage}},
        note  = {{http://www.netperf.org/netperf/NetperfPage.html}}
}

@misc{saga_web,
        author = {{SAGA - A Simple API for Grid Applications}},
        note  = {http://saga.cct.lsu.edu/}
}

@misc{ogf_web,
        author = {{Open Grid Forum}},
        url  = {http://www.ogf.org/}
}

@misc{suragrid_web,
        author = {{SURAgrid}},
        url  = {{http://sura.org/programs/sura\_grid.html}}
}

@misc{NWS_web,
        author = {{NWS}},
        url  = {{http://nws.cs.ucsb.edu/ewiki/}}
}

@misc{LONI_web,
        author = {{Louisiana Optical Network Initiative}},
        note  = {{http://www.loni.org/}}
}

@misc{Lightpath_web1,
         author = {{Lightpath Homepage}},
         note  = {{http://lichtpad.surfnet.nl/info/en}}
}

@misc{DRMAA_web,
	author = {{Distributed Resource Management Application API}},
	url = {{http://drmaa.org}}
}

@misc{DRMAA_url,
	author = {{Distributed Resource Management Application API}},
	note = {{http://drmaa.org}}
}


@misc{gridrpc_url, note = {{http://forge.ogf.org/sf/projects/gridrpc-wg}} }


@misc{Lightpath_web2,
        author = {{Lightpath Examples}},
        url  = {{http://lichtpad.surfnet.nl/info/en/examples/artikel_content.jsp?objectnumber=141062}}
}

@article{Hey05,
note = {Tony Hey et al, “Cyberinfrastructure for e-Science,” Science, vol. 308, no. 5723,
pp. 817–821, 2005. [Online]. Available: http://www.sciencemag.org/cgi/
content/abstract/308/5723/817}
}

@article{hey04,
note = {Tony Hey et al, “UK e-Science Programme: Next Generation Grid Applications,”
2004, international Journal of High Performance Computing Applications,
Vol. 18, No. 3, 285-291 DOI: 10.1177/1094342004046054.}
}

@article{hey03,
note = {Tony Hey et al, “e-Science and its Implications,” Philosophical Transactions
of the Royal Society A, Volume 361, Number 1809/August 15,
2003, pp 1809-1825, DOI 10.1098/rsta.2003.1224.}
}

@misc{spice_escience06, author = {{M. Harvey et al}},note = {"Using Lambda Networks to Enhance Performance of
Interactive Large Simulations". In Proceedings of the Second IEEE
International Conference on e-Science and Grid Computing, 40
(2006). ISBN: 0-7695-2734-5. DOI: 10.1109/E-SCIENCE.2006.150.}}

@misc{kosar_scpe05, author = {{George Kola et al}}, note={{
pages 33-43, Volume 6, no. 3 (September 2005), Scalable Computing:
Practise and Experience}}}

@misc{wolski_cluster05, author = {{D. Nurmi et al}}, note ={{
Minimizing the Network Overhead of Checkpointing in Cycle-harvesting
Cluster Environments, Proceedings of Cluster 2005, September, 2005}},
url = {http://pompone.cs.ucsb.edu/~rich/publications/}}

@misc{wolski_ccgrid02, note={{M Swany et al, Representing Dynamic
Performance Information in Grid Environments with the Network Weather
Service,in the Proceedings of the Second Conference on Cluster
and Grid Computing (CCGrid02),2002}}}

@misc{wolski_acm03, author = {{Rich Wolski}}, note={{Experiences with Predicting Resource Performance
On-line in Computational Grid Settings (pdf),  ACM
SIGMETRICS Performance Evaluation Review, Volume 30, Number 4, pp
41--49, 2003}}}

@misc{bqp_url,
note={http://nws.cs.ucsb.edu/ewiki/nws.php?id=Batch+Queue+Prediction}}

@misc{stork_url, note={Stork: A Scheduler for Data Placement
Activities in the Grid}, url={http://dsl.csc.lsu.edu/stork/}}

@misc{harc_url,
  title        = {{The Highly-Available Robust Co-allocator}},
  url         = {{http://www.cct.lsu.edu/~maclaren/HARC/}}
}


@misc{boost_license,
  title        = {{Boost Software License V1.0}},
  url         = {{http://www.boost.org/more/license_info.html}}
}


@article{saga-sc05,
  author        = {Tom Goodale  et al},
  title         = {{SAGA: A Simple API for Grid Applications
                   -- High-Level Application Programming on the Grid}},
  journal       = {{Computational Methods in Science and Technology: special
                   issue "Grid Applications: New Challenges for Computational
                   Methods"}},
  volume        = {8},
  number        = {2},
  year          = {2005},
  month         = {{SC05, November}},
}

@inproceedings{saga-engine,
  author        = {Hartmut Kaiser et al},
  title         = {{The SAGA C++ Reference Implementation -- Lessons
                    Learnt from Juggling with Seemingly Contradictory
                    Goals}},
  year          = {2006},
  month         = {{October}},
  booktitle     = {{Workshop on Library-Centric Software Design LCSD'06,
                    at Object-Oriented Programming, Systems, Languages and
                    Applications conference (OOPSLA'06)}},
  address       = {{Portland, Oregon, USA}},
}


@misc{cpp_imp_url,
  title        = {{SAGA C++ Implementation}},
  url         = {{http://saga.cct.lsu.edu/}}
}


@misc{saga-req,
  author      = {{S. Jha et al}},
  title       = {{A Requirements Analysis for a Simple API for Grid
                  Applications}},
  howpublished = {Grid Forum Document GFD.71},
  year        = 2006,
  url        = {{http://www.ggf.org/documents/GFD.71.pdf}},
}

@misc{saga-uc,
  author      = {{Shantenu Jha et al}},
  title       = {{A Collection of Use Cases for a
                  Simple API for Grid Applications}},
  howpublished = {Grid Forum Document GFD.70},
  url            = {{http://www.ggf.org/documents/GFD.70.pdf}},
  year        = 2006,
}

@misc{saga-core,
  author      = {{Tom Goodale et al}},
  title       = {{A Simple API for Grid Applications}},
  howpublished = {To be published as Grid Forum Document GFD.90},
  year        = 2007,
  note        = {{Open Grid Forum}},
}

@InProceedings{clade06,
  author =       {B. Boghosian et al},
  title =        {{Nektar, SPICE and Vortonics -- Using Federated Grids for Large Scale Scientific Appl
ications}},
  booktitle =    {Proceedings of Challenges of Large Applications in Distributed Environments (CLADE) 2
006},
  year = {2006},
  volume = {IEEE Catalog Number: 06EX13197},
  note = {ISBN 1-4244-0420-7},}

@misc{spruce,
  title        = {{SPRUCE: Special PRiority and Urgent Computing Environment}},
  note         = {{http://spruce.teragrid.org/}}
}

@misc{srb_url, url = {SRB http://www.sdsc.edu/srb/index.php/Main_Page}}

@misc{gin_paper, note ={Interoperation Scenarios of Production
e-Science Infrastructures, Morris Reidel et al, submitted to e-Science
2007}}

@misc{mpiforum_url, url = {MPIforum: http://www.mpi-forum.org/}}

@misc{mincut-maxflow, author = {{H. Thomas et al}}, note={{Introduction to Algorithms,
Second Edition. MIT Press and McGraw-Hill, 2001. ISBN
0-262-03293-7}}}


@misc{X0, author = {{Tom Goodale et al}}, note ={{The Cactus Framework and Toolkit: Design and Applications, Vector and Parallel Processing --- VECPAR'2002, 5th International Conference, Springer, (2003). }}}

@misc{X1, note = {Gabrielle Allen et al, Early Experiences with the Egrid Testbed, IEEE
International Symposium on Cluster Computing and the Grid, Brisbane,
Australia, May 16-18, pages 130-137, (2001).}
}

@misc{X2, note = {Gabrielle Allen et al, The Cactus Worm: Experiments with Dynamic Resource Discovery
and Allocation in a Grid Environment, International Journal of High
Performance Computing Applications, 15(4), (2001).}
}

@misc{X3, note = {Gabrielle Allen et al, Enabling applications on the Grid: A Gridlab overview, International
Journal of High Performance Computing Applications, Volume
17, Number 4, Pages 449-466, (2003).}
}

@misc{majority_voting, author = {{F. J. Seinstra and
J. M. Geusebroek}}, note = {{Color-Based Object Recognition on a Grid,
Proceedings of the 9th European Conference on Computer Vision (ECCV
2006) , Graz, Austria, May 7-13, 2006, Springer-Verlag.}}}

@article{gridsat03,
author = {Wahid Chrabakh and Rich Wolski},
title = {{GridSAT: A Chaff-based Distributed SAT Solver for the Grid}},
journal = {SuperComputing},
volume = {00},
year = {2003},
isbn = {1-58113-695-1},
pages = {37},
doi = {http://doi.ieeecomputersociety.org/10.1109/SC.2003.10033},
publisher = {IEEE Computer Society},
address = {Los Alamitos, CA, USA},
}


@article{apples03,
author = {Francine Berman et al},
title = {{Adaptive Computing on the Grid Using AppLeS}},
journal = {IEEE Transactions on Parallel and Distributed Systems},
volume = {14},
year = {2003},
pages = {369},
publisher = {IEEE Computer Society},
address = {Los Alamitos, CA, USA},
}
