@article{White2003,
	Author = {C. D. White and D. Novakovic and S. P. Dutton and B. J. Willis},
	Date-Added = {2010-01-27 20:31:01 -0600},
	Date-Modified = {2010-01-29 18:26:16 -0600},
	Journal = {Mathematical Geology},
	Month = {July},
	Number = {5},
	Owner = {ceedave},
	Pages = {549--575},
	Timestamp = {2006.10.18},
	Title = {A Geostatistical Model for Calcite Concretions in Sandstone},
	Volume = {35},
	Year = {2003}}


@phdthesis{Li2008,
	Author = {Xin Li},
	School = {Louisiana State University},
	Title = {Continuous Reservoir Model Updating by Ensemble Kalman Filter on Grid Computing Architectures},
	Year = {2008}}


@inproceedings{Ren2005,
	Address = {Calgary, Alberta},
	Author = {W. Ren and J. A. Mclennan and L. B. Cunha and C. V. Deutsch},
	Booktitle = {SPE International Thermal Operations and Heavy Oil Symposium},
	Month = {1--3 November},
	Number = {97874},
	Series = {SPE/PS-CIM/CHOA},
	Title = {An Exact Downscaling Methodology in Presence of Heterogeneity: Application to the {A}thabasca Oil Sands},
	Year = {2005}}

@article{Deutsch1989,
	Author = {C. V. Deutsch},
	Journal = {{SPE} Formation Evaluation},
	Number = {3},
	Pages = {343--348},
	Title = {Calculating Effective Absolute Permeability in Sandstone/Shale Sequences Calculating Effective Absolute Permeability in Sandstone/Shale Sequences},
	Volume = {4},
	Year = {1989}}


@article{Kalla2008,
	Author = {S. Kalla and C. D. White and J. Gunning and M. E. Glinsky},
	Journal = {{SPE} {J}ournal},
	Month = {December},
	Note = {SPE paper no. 103268},
	Number = {4},
	Pages = {412--422},
	Title = {Consistent Downscaling of Seismic Inversions to Cornerpoint Flow Models},
	Volume = {13},
	Year = {2008}}

@article{Kalla2009,
	Author = {S. Kalla and C. D. White and J. Gunning and M. E. Glinsky},
	Date-Added = {2010-01-27 08:28:34 -0600},
	Date-Modified = {2010-01-27 08:34:25 -0600},
	Journal = {SPE Journal},
	Number = {4},
	Pages = {746--758},
	Title = {Downscaling Multiple Seismic Inversion Constraints to Fine-Scale Flow Models},
	Volume = {14},
	Year = {2009}}

@article{Li2001,
	Author = {D. Li and B. Beckner and A. Kumar},
	Journal = {SPE Reservoir Evaluation and Engineering},
	Number = {4},
	Pages = {297--307},
	Title = {A New Efficient Averaging Technique for Scaleup of Multimillion Cell Geologic Models},
	Volume = {4},
	Year = {2001}}


@article{Kushnir2010,
	Author = {R. Kushnir and A. Ullmann and A. Dayan},
	Journal = {Transport in Porous Media},
	Number = {2},
	Pages = {219--240},
	Title = {Compressed Air Flow within Aquifer Reservoirs of {CAES} Plants},
	Volume = {81},
	Year = {2010}}


@article{Evensen2003,
	Author = {G. Evensen},
	Journal = {Ocean Dynamics},
	Number = {4},
	Pages = {343--367},
	Title = {The Ensemble {K}alman Filter: theoretical formulation and practical implementation},
	Volume = {53},
	Year = {2003}}

@inproceedings{Li2007a,
	Address = {Houston, Texas},
	Author = {X. Li and C. D. White and Z. Lei and G. Allen},
	Booktitle = {SPE Digital Energy Conference and Exhibition},
	Month = {11-12 April},
	Number = {106949-MS},
	Series = {SPE Paper},
	Title = {Beyond Queues: Using Grid Computing for Simulation Studies},
	Year = {2007}}



@article{Schlesinger1979,
	Author = {Schlessinger, S. and Crosbie, R.E. and Gagn{\'{e}}, R.E. and Innis, G.S. and Lalwani, C.S. and Loch, J. and Sylvester, R.J. and Wright, R.D. and Kheir, N. and Bartos, D.},
	Journal = {SIMULATION},
	Number = {3},
	Pages = {103-104},
	Title = {{Terminology for model credibility}},
	Volume = {32},
	Year = {1979},
}

@article{Oreskes1994,
	Author = {Oreskes, N. and Shrader-Frechette, K. and Belitz, K.},
	Journal = {Science},
	Number = {5147},
	Pages = {641--646},
	Title = {Verification, Validation, and Confirmation of Numerical Models in the Earth Sciences},
	Volume = {263},
	Year = {1994},
}


@article{Hout98,
 Author = {P.L. Houtekamer and Herschel L. Mitchell},
 Title = {Data Assimilation Using an Ensemble {K}alman Filter Technique},
 Journal = {Monthly Weather Review, American Meteorological Society},
 Volume = {126},
 Year = {1998}
}

@article{Hout99,
 Author = {Herschel L. Mitchell and  P.L. Houtekamer},
 Title = {An Adaptive Ensemble {K}alman Filter},
 Journal = {Monthly Weather Review, American Meteorological Society},
 Volume = {128},
 Year = {1999}
}

@article{JiaLi,
 Author = {Jia Li and Dongbin Xiu},
 Title = {On Numerical Properties of the Ensemble {K}alman Filter for Data Assimilation},
 Journal = {Computer Methods in Applied Mechanics and Engineering},
 Volume = {197},
 Year = {2008}
}

@article{Watanabe,
 Title = {A Hybrid Ensemble {K}alman Filter With Coarse Scale Constraint for Nonlinear Dynamics},
 Author = {Shingo Watanabe, Akhil Datta-Gupta  and Yalchin Efendiev},
 Journal = {SPE Annual Technical Conference and Exhibition},
 Year = {2009}
}

@article{IterativeEnKF,
 Title = {Iterative Ensemble {K}alman Filters for Data Assimilation},
 Author = {Gaoming Li and Albert Reynolds},
 Journal = {SPE Annual Technical Conference and Exhibition},
 Year = {2008}
}


@article{TwoStage,
 Title = {A Two-Stage Ensemble {K}alman Filter for Smooth Data Assimilation},
 Author = {Craig Johns and Jan Mandel},
 Journal = {Environmental and Ecological Statistics},
 Year = {2007}
}


@book{OliverReynolds,
 Author = {Oliver, Dean S. Albert C. Reynolds and Ning Liu},
 Title ={Inverse Theory for Petroleum Reservoir Characterization and History Matching},
 Year={2008}, 
 Publisher={Cambridge University Press}
}

@book{DataAssim,
 Author = {Geir Evensen},
 Title = {Data Assimilation: The Ensemble {K}alman Filter},
 Year = {2006},
 Publisher = {Springer-Verlag New York, Inc.},
 Address = {Secaucus, NJ, USA}
}


@mastersthesis{Elkhamra2009,
	Address = {Baton Rouge, Louisiana},
	Author = {El-Khamra, Yaakoub Youssef},
	School = {Louisiana State University},
	Title = {Real-Time Reservoir Characterization and Beyond: CyberInfrastructure Tools and Technologies},
	Year = {2009}}


@article{MSEScience,
  Author={Y. Khamra, S. Jha},
  Title={Modelling Data-Driven CO2 Sequestration Using Distributed HPC CyberInfrastructure},
  Year = {2009},
  Journal = {Microsoft E-Science Conference, Pittsburgh PA},
}


@article{TG10yye00,
  Author={Y. Khamra, S. Jha and C. White},
  Title={Modelling Data-driven CO2 Sequestration Using Distributed HPC Cyberinfrastructure: A Case Study},
  Year = {2010},
  Journal = {TeraGrid 2010 Conference},
}

