@misc{cactus_web,
        author = {{Cactus Framework}},
        url  = {{http://www.cactuscode.org}}
}


@misc{wei_url,
        author = {{Riboswitch Movies}},
        url  = {{http://www.cct.lsu.edu/~whuang/index_files/movie.htm}}
}


@misc{saga_url, note = {The Simple API for Grid Applications, http://saga.cct.lsu.edu}}
 
@misc{sagamapreduce, note = {S Jha et al, Abstractions for Data-Intensive Computing using SAGA, in publication, Phil. Trans. of the Royal Society, London}}
@misc{akeson, note = {Akeson et al. Biophys. Journ., 77(6):3227�3233, 1999.}}
@misc{jarz, note={C. Jarzynski. Phys. Rev. Lett., 78(14):2690�2693, 1997.}}
@misc{foloppe, note = {Foloppe N. et al. Drug Discovery Today. 11, 1019-1027, 2006.}}
@misc{mandal,  note = {Mandal M. et al. Nat Rev Mol Cell Biol. 5(6), 451-63, 2004.}}
@misc{brooke, note = {A.M. M Brooke. et al. Proc. Natl. Acad. Sci. U.S.A. 100, 3083-3088, 2003.}}
@misc{montange, note = {R.K Montange et al. Nature. 255, 1172-1175, 2006.}}
@misc{alberto, note = {Alberto P., et al. Biophysical Journal. 92, 3817-3829, 2007}}
@misc{wang,  note = {Wang, J. et al. Journal of Molecular Graphics and Modelling , 25, 247260, 2006,.}}
@misc{namd, note = {Jim Philips et al. Journal of Computational Chemistry. 26, 1781-1802, 2005.}}
@misc{humphrey, note = {W. Humphrey et al. J. Molec. Graphics. 14, 33-38, 1996.}}
@misc{michele, note = {S. Michele et al. Bioinformatics. 23(19), 2625-2627, 2007.}}
@misc{moe, note = {Molecular Operating Environment (MOE 2007.9), Chemical Computing Group (CCG).}}

@inproceedings{saga_escience07,
author = {Jha, Shantenu and Kaiser, Hartmut and El Khamra, Yaakoub and Weidner, Ole},
title = {Design and Implementation of Network Performance Aware Applications Using 
SAGA and Cactus },
year = {2007},
booktitle = { Accepted for 3rd IEEE Conference on eScience2007 and Grid Computing, 
Bangalore, India.},
url = {http://saga.cct.lsu.edu/publications/saga_cactus_escience.pdf},
} 


@inproceedings{teragrid08,
author = {Jha, Shantenu and Kaiser, Hartmut and El Khamra, Yaakoub and Weidner, Ole},
title = {Developing Adaptive Scientific Applications with Hard to Predict Runtime Resource Requirements with SAGA},
year = {2008},
booktitle = {Proceedings of the TeraGrid 2008 Conference},
} 

@article{GeoRPT,
  author        = {Donald J. DePaolo and others},
  title         = {BASIC RESEARCH NEEDS FOR GEOSCIENCES:FACILITATING 21ST CENTURY ENERGY SYSTEMS},
  journal       = {Office of Basic Energy Sciences, U.S. Department of Energy},
  year          = {2007},
  url           = {{http://www.er.doe.gov/bes/reports/files/GEO_rpt.pdf}},
}

@book{Luigi,
  author        = {Luigi Marini},
  title         = {Geological Sequestration of Carbon Dioxide, Volume 11: Thermodynamics, Kinetics, and Reaction Path Modeling (Developments in Geochemistry)},
  volume       = {11},
  year          = {2007},
  url           = {{http://www.er.doe.gov/bes/reports/files/GEO_rpt.pdf}},
}

@book{EORBook,
  author        = {Don W. Green, G. Paul Willhite},
  title         = {Enhanced Oil Recovery},
  volume       = {6},
  year          = {1998},
}

@inproceedings{Duff1,
 author = {Duff, Richard and El Khamra, Yaakoub},
 title = {A sensor and computation grid enabled engineering model for drilling vibration research},
 booktitle = {MG '08: Proceedings of the 15th ACM Mardi Gras conference},
 year = {2008},
 isbn = {978-1-59593-835-0},
 pages = {1--1},
 location = {Baton Rouge, Louisiana},
 doi = {http://doi.acm.org/10.1145/1341811.1341837},
 publisher = {ACM},
 address = {New York, NY, USA},
 }

@inproceedings{Duff2,
author = {Duff, Richard and El Khamra, Yaakoub},
 title = {Real Time Simulation in Grid Environments: Communicating Data from Sensors to Scientific Simulations},
 booktitle = {Digital Energy Conference and Exhibition},
 year = {2007},
 location = {Houston, Texas, U.S.A},
 publisher = {SPE},
 }

@inproceedings{gmac,
  author = {Yaakoub El Khamra and Shantenu Jha},
  title = {Title: {Developing Autonomic Distributed Scientific Applications: A Case Study From History Matching Using Ensemble Kalman-Filters}},
  booktitle = {Sixth International Conference on Autonomic Computing, 2009. ICAC '09 (Barcelona)},
  publisher = {IEEE},
  year = {2009},
}

@article{DO2006,
  author        = {Gu, Yaqing and Dean S. Oliver},
  title         = {The ensemble Kalman filter for continuous updating of
                  reservoir simulation models},
  journal       = {Journal of Engineering Resources Technology},
  year          = {2006},
  volume        = {128},
  number        = {1},
  pages         = {79-87},
}

@article{DO2007,
  author        = {Gu, Yaqing and Dean S. Oliver},
  title         = {An Iterative Ensemble Kalman Filter for Multiphase Fluid
                  Flow Data Assimilation},
  journal       = {SPE Journal},
  year          = {2007},
  volume        = {12},
  number        = {4},
  pages         = {438-446},
 }

@InProceedings{LiEnKF07,
author = {Xin Li and Christopher White and Zhou Lei and Gabrielle Allen},
title = {Reservoir Model Updating by Ensemble Kalman Filter-Practical Approaches Using Grid Computing Technology},
booktitle = {Petroleum Geostatistics  2007},
address = {Cascais,Portugal},
month = {August},
year = {2007}
}

@book{DataAssim,  author = {Geir Evensen},  title = {Data Assimilation: The Ensemble Kalman Filter},  year = {2006},  isbn = {354038300X},  publisher = {Springer-Verlag New York, Inc.},  address = {Secaucus, NJ, USA},  }  

@article{KalmanPaper,
	author = {Kalman, R. E. },
	citeulike-article-id = {347166},
	keywords = {ee520, filtering, kalman-filtering},
	posted-at = {2005-10-10 20:28:49},
	priority = {2},
	title = {A New Approach to Linear Filtering
and Prediction Problems},
	url = {http://www.cs.unc.edu/~welch/kalman/media/pdf/Kalman1960.pdf}
}