@article{White2003,
	Author = {C. D. White and D. Novakovic and S. P. Dutton and B. J. Willis},
	Date-Added = {2010-01-27 20:31:01 -0600},
	Date-Modified = {2010-01-29 18:26:16 -0600},
	Journal = {Mathematical Geology},
	Month = {July},
	Number = {5},
	Owner = {ceedave},
	Pages = {549--575},
	Timestamp = {2006.10.18},
	Title = {A Geostatistical Model for Calcite Concretions in Sandstone},
	Volume = {35},
	Year = {2003}}

@inproceedings{Ballin1993,
	Address = {New Orleans, Louisiana},
	Author = {Ballin, P. R. and Aziz, K. and Journel, A. G. and Zuccolo, L.},
	Booktitle = {SPE Symposium on Reservoir Simulation},
	Date-Added = {2010-01-27 20:22:46 -0600},
	Date-Modified = {2010-01-27 20:25:13 -0600},
	Month = {8 February--3 March},
	Number = {25238-MS},
	Owner = {ceedave},
	Series = {SPE Paper},
	Timestamp = {2007.05.01},
	Title = {Quantifying the Impact of Geological Uncertainty on Reservoir Performing Forecasts},
	Year = {2003}}

@article{Anderson2007,
	Author = {J. L. Anderson},
	Date-Added = {2010-01-27 20:10:50 -0600},
	Date-Modified = {2010-01-27 20:10:50 -0600},
	Journal = {Physica D},
	Pages = {99--111},
	Title = {Exploring the need for localization in ensemble data assimilation using a hierarchical ensemble filter},
	Volume = {230},
	Year = {2007}}

@phdthesis{Li2008,
	Author = {Xin Li},
	Date-Added = {2010-01-27 19:39:33 -0600},
	Date-Modified = {2010-01-27 19:39:33 -0600},
	School = {Louisiana State University},
	Title = {Continuous Reservoir Model Updating by Ensemble Kalman Filter on Grid Computing Architectures},
	Year = {2008}}

@inproceedings{White1987,
	Address = {San Antonio, Texas},
	Author = {C. D. White and R. N. Horne},
	Booktitle = {Ninth SPE Symposium on Reservoir Simulation},
	Date-Added = {2010-01-27 19:20:32 -0600},
	Date-Modified = {2010-01-27 19:20:32 -0600},
	Month = {February 1-4},
	Owner = {ceedave},
	Pages = {209--220},
	Timestamp = {2007.12.06},
	Title = {Computing absolute transmissibility in the presence of fine-scale heterogeneity},
	Year = {1987}}

@article{Durlofsky1992,
	Author = {L. J. Durlofsky},
	Date-Added = {2010-01-27 19:20:13 -0600},
	Date-Modified = {2010-01-27 19:20:13 -0600},
	Journal = {{SPE} Formation Evaluation},
	Number = {4},
	Pages = {315--322},
	Title = {Modeling Fluid Flow Through Complex Reservoir Beds},
	Volume = {7},
	Year = {1992}}

@inproceedings{Ren2005,
	Address = {Calgary, Alberta},
	Author = {W. Ren and J. A. Mclennan and L. B. Cunha and C. V. Deutsch},
	Booktitle = {SPE International Thermal Operations and Heavy Oil Symposium},
	Date-Added = {2010-01-27 12:00:58 -0600},
	Date-Modified = {2010-01-27 14:58:30 -0600},
	Month = {1--3 November},
	Number = {97874},
	Owner = {ceedave},
	Series = {SPE/PS-CIM/CHOA},
	Title = {An Exact Downscaling Methodology in Presence of Heterogeneity: Application to the {A}thabasca Oil Sands},
	Year = {2005}}

@article{Deutsch1989,
	Author = {C. V. Deutsch},
	Date-Added = {2010-01-27 12:00:18 -0600},
	Date-Modified = {2010-01-27 12:00:18 -0600},
	Journal = {{SPE} Formation Evaluation},
	Number = {3},
	Pages = {343--348},
	Title = {Calculating Effective Absolute Permeability in Sandstone/Shale Sequences Calculating Effective Absolute Permeability in Sandstone/Shale Sequences},
	Volume = {4},
	Year = {1989}}

@book{Gilks96,
	Author = {W. R. Gilks and S. Richardson and D. J. Spiegelhalter},
	Date-Added = {2010-01-27 09:06:52 -0600},
	Date-Modified = {2010-01-29 18:27:15 -0600},
	Publisher = {Chapman and Hall},
	Title = {{M}arkov {C}hain {M}onte {C}arlo in {P}ractice},
	Year = {1996}}

@article{Kalla2008,
	Author = {S. Kalla and C. D. White and J. Gunning and M. E. Glinsky},
	Date-Added = {2010-01-27 08:31:51 -0600},
	Date-Modified = {2010-01-27 08:31:51 -0600},
	Journal = {{SPE} {J}ournal},
	Month = {December},
	Note = {SPE paper no. 103268},
	Number = {4},
	Owner = {ceedave},
	Pages = {412--422},
	Timestamp = {2007.07.05},
	Title = {Consistent Downscaling of Seismic Inversions to Cornerpoint Flow Models},
	Volume = {13},
	Year = {2008}}

@article{Kalla2009,
	Author = {S. Kalla and C. D. White and J. Gunning and M. E. Glinsky},
	Date-Added = {2010-01-27 08:28:34 -0600},
	Date-Modified = {2010-01-27 08:34:25 -0600},
	Journal = {SPE Journal},
	Number = {4},
	Pages = {746--758},
	Title = {Downscaling Multiple Seismic Inversion Constraints to Fine-Scale Flow Models},
	Volume = {14},
	Year = {2009}}

@article{Li2001,
	Author = {D. Li and B. Beckner and A. Kumar},
	Date-Added = {2010-01-27 08:23:37 -0600},
	Date-Modified = {2010-01-27 08:23:37 -0600},
	Journal = {SPE Reservoir Evaluation and Engineering},
	Number = {4},
	Pages = {297--307},
	Title = {A New Efficient Averaging Technique for Scaleup of Multimillion Cell Geologic Models},
	Volume = {4},
	Year = {2001}}

@article{Pruess2004,
	Author = {K. Pruess and J. Garc{\'{i}}a and T. Kovscek and C. Oldenburg and J. Rutqvist and C. Steefel and T. Xu.},
	Date-Added = {2010-01-27 08:09:08 -0600},
	Date-Modified = {2010-01-27 08:11:05 -0600},
	Journal = {Energy},
	Pages = {1431--1444},
	Title = {Code intercomparison builds confidence in numerical simulation models for geologic disposal of CO2},
	Volume = {29},
	Year = {2004}}

@article{Kushnir2010,
	Author = {R. Kushnir and A. Ullmann and A. Dayan},
	Date-Added = {2010-01-27 07:57:24 -0600},
	Date-Modified = {2010-01-27 08:00:14 -0600},
	Journal = {Transport in Porous Media},
	Keywords = {CAES},
	Number = {2},
	Pages = {219--240},
	Title = {Compressed Air Flow within Aquifer Reservoirs of {CAES} Plants},
	Volume = {81},
	Year = {2010}}

@article{vanLeeuwen2003,
	Author = {van Leeuwen, P. J.},
	Date-Added = {2010-01-26 19:16:45 -0600},
	Date-Modified = {2010-01-26 19:17:59 -0600},
	Journal = {Monthly Weather Review},
	Month = {September},
	Number = {9},
	Pages = {2071--2084},
	Title = {A Variance--Minimizing Filter for Large--Scale Applications},
	Volume = {131},
	Year = {2003}}

@article{Evensen2003,
	Author = {G. Evensen},
	Date-Added = {2010-01-26 19:03:25 -0600},
	Date-Modified = {2010-01-27 08:35:33 -0600},
	Journal = {Ocean Dynamics},
	Number = {4},
	Pages = {343--367},
	Title = {The Ensemble {K}alman Filter: theoretical formulation and practical implementation},
	Volume = {53},
	Year = {2003}}

@inproceedings{Li2007a,
	Address = {Houston, Texas},
	Author = {X. Li and C. D. White and Z. Lei and G. Allen},
	Booktitle = {SPE Digital Energy Conference and Exhibition},
	Date-Added = {2010-01-26 17:54:15 -0600},
	Date-Modified = {2010-01-27 08:36:07 -0600},
	Month = {11-12 April},
	Number = {106949-MS},
	Owner = {ceedave},
	Series = {SPE Paper},
	Timestamp = {2007.05.01},
	Title = {Beyond Queues: Using Grid Computing for Simulation Studies},
	Year = {2007}}

@article{Michalak2003,
	Author = {A. M. Michalak and P.K. Kitanidis},
	Date-Added = {2010-01-26 13:42:33 -0600},
	Date-Modified = {2010-01-26 13:42:43 -0600},
	Journal = {Water Resources Research},
	Number = {2},
	Page = {1033},
	Title = {A method for enforcing parameter nonnegativity in {B}ayesian inverse problems with an application to contaminant source identification},
	Volume = {39},
	Year = {2003}}


@article{Schlesinger1979,
	Abstract = {The standard set of terminology herein described was compiled by the SCS Technical Committee on Model Credibility as a report to the general membership.
},
	Author = {Schlessinger, S. and Crosbie, R.E. and Gagn{\'{e}}, R.E. and Innis, G.S. and Lalwani, C.S. and Loch, J. and Sylvester, R.J. and Wright, R.D. and Kheir, N. and Bartos, D.},
	Date-Added = {2010-01-26 13:38:39 -0600},
	Date-Modified = {2010-01-26 13:41:42 -0600},
	Doi = {10.1177/003754977903200304},
	Eprint = {http://sim.sagepub.com/cgi/reprint/32/3/103.pdf},
	Journal = {SIMULATION},
	Keywords = {verification validation calibration simulation},
	Number = {3},
	Pages = {103-104},
	Title = {{Terminology for model credibility}},
	Url = {http://sim.sagepub.com/cgi/content/abstract/32/3/103},
	Volume = {32},
	Year = {1979},
	Bdsk-Url-1 = {http://sim.sagepub.com/cgi/content/abstract/32/3/103},
	Bdsk-Url-2 = {http://dx.doi.org/10.1177/003754977903200304}}

@article{Oreskes1994,
	Author = {Oreskes, N. and Shrader-Frechette, K. and Belitz, K.},
	Date-Added = {2010-01-26 13:37:32 -0600},
	Date-Modified = {2010-01-26 13:37:45 -0600},
	Doi = {10.1126/science.263.5147.641},
	Journal = {Science},
	Keywords = {validation and earth sciences},
	Number = {5147},
	Pages = {641--646},
	Title = {Verification, Validation, and Confirmation of Numerical Models in the Earth Sciences},
	Volume = {263},
	Year = {1994},
	Bdsk-Url-1 = {http://dx.doi.org/10.1126/science.263.5147.641}}

@article{Pawar,
 Author = {Rajesh J. Pawar, Dongxiao Zhang, Bruce Stubbs and Henry R. Westrich},
 Title = {Preliminary Geologic Modeling and Flow Simulation Study of CO2 Sequestration in                           a Depleted Oil Reservoir},
 Year = {2001},
 Journal = {NETL 2001 Conference}
}

@article{Burger98,
 Author = {Gerrit Burgers, Petr Jan Van Leeuwen and Geir Evensen},
 Title = {Analysis Scheme in the Ensemble {K}alman Filter},
 Year = {1998},
 Journal = {Monthly Weather Review, American Meteorological Society},
 Volume = {126}
}

@article{Hout98,
 Author = {P.L. Houtekamer and Herschel L. Mitchell},
 Title = {Data Assimilation Using an Ensemble {K}alman Filter Technique},
 Journal = {Monthly Weather Review, American Meteorological Society},
 Volume = {126},
 Year = {1998}
}

@article{Hout99,
 Author = {Herschel L. Mitchell and  P.L. Houtekamer},
 Title = {An Adaptive Ensemble {K}alman Filter},
 Journal = {Monthly Weather Review, American Meteorological Society},
 Volume = {128},
 Year = {1999}
}

@article{Mitchell02,
 Author = {Herschel L. Mitchell, P.L. Houtekamer and Gerard Pellerin},
 Title = {Ensemble Size, Balance and Model-Error Representation in an Ensemble {K}alman Filter},
 Journal = {Monthly Weather Review, American Meteorological Society},
 Volume = {130},
 Year = {2002}
}

@article{JiaLi,
 Author = {Jia Li and Dongbin Xiu},
 Title = {On Numerical Properties of the Ensemble {K}alman Filter for Data Assimilation},
 Journal = {Computer Methods in Applied Mechanics and Engineering},
 Volume = {197},
 Year = {2008}
}

@article{Watanabe,
 Title = {A Hybrid Ensemble {K}alman Filter With Coarse Scale Constraint for Nonlinear Dynamics},
 Author = {Shingo Watanabe, Akhil Datta-Gupta  and Yalchin Efendiev},
 Journal = {SPE Annual Technical Conference and Exhibition},
 Year = {2009}
}

@article{IterativeEnKF,
 Title = {Iterative Ensemble {K}alman Filters for Data Assimilation},
 Author = {Gaoming Li and Albert Reynolds},
 Journal = {SPE Annual Technical Conference and Exhibition},
 Year = {2008}
}

@article{Zhang,
 Title = {History matching using a hierarchical stochastic model with the ensemble {K}alman filter: a field case study},
 Author = {Yanfen  Zhang and Dean Oliver},
 Journal = {SPE Reservoir Simulation Symposium},
 Year = {2009}
}

@article{TwoStage,
 Title = {A Two-Stage Ensemble {K}alman Filter for Smooth Data Assimilation},
 Author = {Craig Johns and Jan Mandel},
 Journal = {Environmental and Ecological Statistics},
 Year = {2007}
}


@book{OliverReynolds,
 Author = {Oliver, Dean S. Albert C. Reynolds and Ning Liu},
 Title ={Inverse Theory for Petroleum Reservoir Characterization and History Matching},
 Year={2008}, 
 Publisher={Cambridge University Press}
}

@book{DataAssim,
 Author = {Geir Evensen},
 Title = {Data Assimilation: The Ensemble {K}alman Filter},
 Year = {2006},
 ISBN = {354038300X},
 Publisher = {Springer-Verlag New York, Inc.},
 Address = {Secaucus, NJ, USA}
}


@article{KalmanPaper,
 Author = {R.E. Kalman},
 Keywords = {ee520, filtering, kalman-filtering},
 Year = {2005},
 priority = {2},
 Title = {A New Approach to Linear Filteringand Prediction Problems},
 Url = {http://www.cs.unc.edu/~welch/kalman/media/pdf/Kalman1960.pdf}
}


@article{Cloud1,
Author= {H. Kim, Y. Khamra, S. Jha and M. Parashar},
Title={Exploring Application and Infrastructure Adaptaion on Hybrid Grid-Cloud Infrastructure},
Year={2010},
Journal={ScienceCloud: Workshop on Scientific Cloud Computing, in conjunction with ACM HPDC-2010},
}

@article{Cloud2,
Author= {H. Kim, Y. Khamra, S. Jha and M. Parashar},
Title={Autonomic Approach to Integrated HPC Grid and Cloud Usage},
Year={2009},
Journal={IEEE Conference on eScience 2009, Oxford},
}

@mastersthesis{Elkhamra2009,
	Address = {Baton Rouge, Louisiana},
	Author = {El-Khamra, Yaakoub Youssef},
	Date-Added = {2010-02-01 09:02:59 -0800},
	Date-Modified = {2010-02-01 09:04:05 -0800},
	School = {Louisiana State University},
	Title = {Real-Time Reservoir Characterization and Beyond: CyberInfrastructure Tools and Technologies},
	Year = {2009}}


@article{MSEScience,
  Author={Y. Khamra, S. Jha},
  Title={Modelling Data-Driven CO2 Sequestration Using Distributed HPC CyberInfrastructure},
  Year = {2009},
  Journal = {Microsoft E-Science Conference, Pittsburgh PA},
}


@article{TG10yye00,
  Author={Y. Khamra, S. Jha and C. White},
  Title={Modelling Data-driven CO2 Sequestration Using Distributed HPC Cyberinfrastructure: A Case Study},
  Year = {2010},
  Journal = {TeraGrid 2010 Conference},
}

  

