@misc{kfs_web,
        author = {{CloudStore}},
        url  = {{http://kosmosfs.sourceforge.net}}
}

@misc{saga_web,
        author = {{SAGA - A Simple API for Grid Applications}},
        note  = {http://saga.cct.lsu.edu/}
}

@inproceedings{Interop,
 author    = {Miceli, Chris and Miceli, Miceli and Jha, Shantenu and Kaiser, Hartmut and Merzky, Andre},
 title     = {Programming Abstraction for Data Intensive Computing on Clouds and Grids},
 booktitle = {International Workshop on Cloud Computing},
 year      = {2009},
}

@inproceedings{filecule,
 author     = {Doraimani, Shyamala and Iamnitchi, Adriana},
 title      = {File grouping for scientific data management: lessons from experimenting with real traces},
 booktitle  = {HPDC '08: Proceedings of the 17th international symposium on High performance distributed computing},
 year       = {2008},
 isbn       = {978-1-59593-997-5},
 pages      = {153--164},
 location   = {Boston, MA, USA},
 doi        = {http://doi.acm.org/10.1145/1383422.1383429},
 publisher  = {ACM},
 address    = {New York, NY, USA},
}

@inproceedings{netperf,
 author    = {Jha, Shantenu and Kaiser, Hartmut and Merzky, Andre and Weidner, Ole},
 title     = {Grid Interoperability at the Application Level Using SAGA},
 year      = {2007},
 booktitle = {Accepted for International Grid Interoperabilty and Interoperation Workshop 2007(IGIIW 2007)},
 url       = {http://saga.cct.lsu.edu/publications/saga_gin.pdf},
} 
