@misc{cloudstore_web,
 author = {{CloudStore}},
 url  = {{http://kosmosfs.sourceforge.net}}
}

@misc{saga_url,
 author = {{SAGA - A Simple API for Grid Applications}},
 url    = {http://saga.cct.lsu.edu/}
}

@misc{imagemagick,
 author = {{ImageMagick}},
 url    = {http://www.imagemagick.org/},
}

@misc{netperf_web,
 author = {{Netperf}},
 url    = {http://www.netperf.org/netperf/},
}

@article{google,
 author    = {Dean, Jeffrey and Ghemawat, Sanjay},
 title     = {MapReduce: simplified data processing on large clusters},
 journal   = {Commun. ACM},
 volume    = {51},
 number    = {1},
 year      = {2008},
 issn      = {0001-0782},
 pages     = {107--113},
 doi       = {http://doi.acm.org/10.1145/1327452.1327492},
 publisher = {ACM},
 address    = {New York, NY, USA},
}

@inproceedings{AllPairs,
 author    = {Moretti, Christopher and Bulosan, Jared and Thain, Douglas and Flynn, Patrick},
 title     = {All-Pairs: An Abstraction for Data-Intensive Cloud Computing},
 year      = {2008},
 location  = {Miami, FL, USA},
 booktitle = {International Parallel and Distributed Processing Symposium},
}


@INPROCEEDINGS{saga_ccgrid09,
title={Programming Abstractions for Data Intensive Computing on Clouds and Grids},
author={Miceli, C. and Miceli, M. and Jha, S. and Kaiser, H. and Merzky, A.},
booktitle={Cloud 2009, Cluster Computing and the Grid, 2009. CCGRID'09. 9th IEEE/ACM International Symposium on},
year={2009},
month={May},
volume={},
number={},
pages={478-483},
}


@inproceedings{filecule,
 author     = {Doraimani, Shyamala and Iamnitchi, Adriana},
 title      = {File grouping for scientific data management: lessons from experimenting with real traces},
 booktitle  = {HPDC '08: Proceedings of the 17th international symposium on High performance distributed computing},
 year       = {2008},
 isbn       = {978-1-59593-997-5},
 pages      = {153--164},
 location   = {Boston, MA, USA},
 doi        = {http://doi.acm.org/10.1145/1383422.1383429},
 publisher  = {ACM},
 address    = {New York, NY, USA},
}

@inproceedings{netperf,
 author    = {Jha, Shantenu and Kaiser, Hartmut and Merzky, Andre and Weidner, Ole},
 title     = {Grid Interoperability at the Application Level Using SAGA},
 year      = {2007},
 booktitle = {Accepted for International Grid Interoperabilty and Interoperation Workshop 2007(IGIIW 2007)},
 url       = {http://saga.cct.lsu.edu/publications/saga\_gin.pdf},
} 

@misc{saga_gfd90,                                
author={Tom Goodale and Shantenu Jha and Hartmut Kaiser and Thilo Kielmann and Pascal Kleijer and Andre Merzky and John Shalf and Christopher Smith},
title="{A Simple API for Grid Applications (SAGA)}",
howpublished = {OGF Document Series 90,
http://www.ogf.org/documents/GFD.90.pdf}}

@inproceedings{saga_gmac09,
 author = {El-Khamra, Yaakoub and Jha, Shantenu},
 title = {Developing autonomic distributed scientific applications: a
                  case study from history matching using
                  ensemblekalman-filters},
 booktitle = {{Proceedings of the 6th International Conference on
                  Autonomic Computing (ICAC); Industry session on
                  Grids meets Autonomic Computing}},
 year = {2009},
 isbn = {978-1-60558-578-9},
 pages = {19--28},
 location = {Barcelona, Spain},
 doi = {http://doi.acm.org/10.1145/1555301.1555304},
 publisher = {ACM},
 address = {New York, NY, USA},
 }

@misc{saga_montage_escience09, note = {A Merzky, K Stamou, S Jha{$^*$}
                  and D Katz, A Fresh Perspective on Developing and
                  Executing DAG-Based Distributed Applications: A
                  Case-Study of SAGA-based Montage, accepted for IEEE
                  Conference on eScience 2009, Oxford}}

@misc{saga_montage09, note = {A Merzky, K Stamou, S Jha{$^*$}
                  and D Katz, A Fresh Perspective on Developing and
                  Executing DAG-Based Distributed Applications: A
                  Case-Study of SAGA-based Montage, accepted for IEEE
                  Conference on eScience 2009, Oxford}}


