../Compiled_bibentries/saga.bib