@misc{saga-req,
        Author = {Andre Merzky and Shantenu Jha},
        Date-Added = {2008-02-24 20:36:03 -0600},
        Date-Modified = {2008-02-24 20:36:03 -0600},
        Howpublished = {Grid Forum Document GFD.71},
        Note = {Global Grid Forum},
        Title = {{A Requirements Analysis for a Simple API for Grid                   Applica
tions}},
        Year = 2006}

@misc{saga-uc,
        Author = {Andre Merzky and Shantenu Jha},
        Date-Added = {2008-02-24 20:35:56 -0600},
        Date-Modified = {2008-02-24 20:35:56 -0600},
        Howpublished = {Grid Forum Document GFD.70},
        Note = {Global Grid Forum},
        Title = {{A Collection of Use Cases for a                   Simple API for Grid Appli
cations}},
        Year = 2006}

@inproceedings{mapreduce,
        Address = {Berkeley, CA, USA},
        Author = {Jeffrey Dean and Sanjay Ghemawat},
        Booktitle = {OSDI'04: Proceedings of the 6th conference on Symposium on Opearting Sys
tems Design \& Implementation},
        Date-Added = {2008-02-23 20:47:01 -0600},
        Date-Modified = {2008-05-12 23:43:10 +0200},
        Location = {San Francisco, CA},
        Pages = {137--150},
        Publisher = {USENIX Association},
        Title = {{MapReduce: Simplified Data Processing on Large Clusters}},
        Year = {2004}}

@misc{allpairs, note = {All-Pairs: An Abstraction for Data Intensive Cloud Computing, Christopher Moretti, Jared Bulosan, Douglas Thain, and Patrick Flynn, IEEE International Parallel and Distributed Processing Symposium (IPDPS), April 2008.}}

@article{sagastuff,
        Author = {Goodale, Tom and Jha, Shantenu and Kaiser, Harmut
        and Kielmann, Thilo and K leijer, Pascal and von Laszewski,
        Gregor and Lee, Craig and Merzky, Andre and Rajic, Hrabri a nd
        Shalf, John}, Date-Added = {2007-12-08 18:56:12 +0100},
        Date-Modified = {2007-12-08 18:56:12 +0100}, Journal =
        {Computational Methods in Science and Technology}, Number =
        {1}, Pages = {7-20}, Title = {{SAGA: A Simple API for Grid
        Applications, High-Level Application Programmin g on the
        Grid}}, Url =
        {http://saga.cct.lsu.edu/publications/saga_paper-a_simple_api_for_grid_applicat
        ions_sc05.pdf}, Volume = {12}, Year = {2006}, Bdsk-Url-1 =
        {http://saga.cct.lsu.edu/publications/saga_paper-a_simple_api_for_grid_a
        pplications_sc05.pdf}}

@misc{saga_gfd90,                                
author={Tom Goodale and Shantenu Jha and Hartmut Kaiser and Thilo Kielmann and Pascal Kleijer and Andre Merzky and John Shalf and Christopher Smith},
title="{A Simple API for Grid Applications (SAGA)}",
howpublished = {OGF Document Series 90,
http://www.ogf.org/documents/GFD.90.pdf}}

@inproceedings{saga_gin,
	Address = {Washington, DC, USA},
	Author = {Shantenu Jha and Hartmut Kaiser and Andre Merzky and Ole Weidner},
	Booktitle = {E-SCIENCE '07: Proceedings of the Third IEEE International Conference on e-Science and Grid Computing (e-Science 2007)},
	Date-Added = {2008-02-16 18:54:59 -0600},
	Date-Modified = {2008-02-16 18:54:59 -0600},
	Doi = {http://dx.doi.org/10.1109/E-SCIENCE.2007.39},
	Isbn = {0-7695-3064-8},
	Pages = {584--591},
	Publisher = {IEEE Computer Society},
	Title = {Grid Interoperability at the Application Level Using SAGA},
	Year = {2007},
	Bdsk-Url-1 = {http://dx.doi.org/10.1109/E-SCIENCE.2007.39}}

@inproceedings{saga_escience07,
        Author = {Jha, Shantenu and Kaiser, Hartmut and El Khamra, Yaakoub and Weidner, Ole},
        Booktitle = {Accepted for 3rd IEEE Conference on eScience2007 and Grid Computing, Ban
galore, India.},
        Date-Added = {2007-12-08 18:56:12 +0100},
        Date-Modified = {2007-12-08 18:56:12 +0100},
        Title = {Design and Implementation of Network Performance Aware Applications Using SA
GA and Cactus},
        Url = {http://saga.cct.lsu.edu/publications/saga_cactus_escience.pdf},
        Year = {2007},
        Bdsk-Url-1 = {http://saga.cct.lsu.edu/publications/saga_cactus_escience.pdf}}

@misc{saga_tg08, note = {Developing Large-Scale Adaptive Scientific
Applications with Hard to Predict Runtime Resource Requirements, {\it
Proceedings of TeraGrid08}, available at http://tinyurl.com/5du32j}}


@misc{saga_mapreduce, note={Exposing the Power of Google through SAGA, {\it Google Summer of Code} http://www.omii.ac.uk/wiki/MPGoogleSAGA}}

@Article{SPdynamics,
  author = {Shirts, Michael R. and Pande, Vijay S.},
  OPTtitle = {{Mathematical Analysis of Coupled Parallel Simulations}},
  journal = {Phys. Rev. Lett.},
  volume = {86},
  number = {22},
  pages = {4983--4987},
  numpages = {4},
  year = {2001},
  month = {May},
  doi = {10.1103/PhysRevLett.86.4983},
  publisher = {American Physical Society}
}

@article{pande_bj03,
author = {Rhee, Young Min and Pande, Vijay S.},
title = {{Multiplexed-Replica Exchange Molecular Dynamics Method for Protein Folding Simulat
ion}},
journal = {Biophys. J.},
volume = {84},
number = {2},
pages = {775-786},
year = {2003},
OPTURL = {http://www.biophysj.org/cgi/content/abstract/84/2/775}, 
OPTeprint = {http://www.biophysj.org/cgi/reprint/84/2/775.pdf} }



@misc{dpa-paper, note = {S. Jha et al., {\em Programming Abstractions
                  for Large-scale Distributed Application s}, to be
                  submitted to ACM Computing Surveys; draft at \url{http://www.cct.lsu.edu/~sjha/publications/dpa_surveypaper.pdf}}}

@misc{remd-manager_url, note={https://svn.cct.lsu.edu/repos/saga-projects/applications/REMDgManager/src/main.py}}

@misc{saga_url, note={{http://saga.cct.lsu.edu}}}

@misc{glite, note={{http://glite.web.cern.ch/glite/}}}

@inproceedings{escience07,
 author = {Shantenu Jha and Hartmut Kaiser and Yaakoub El Khamra and Ole Weidner},
 title = {{Design and Implementation of Network Performance Aware Applications Using SAGA and Cactus}},
 booktitle = {E-SCIENCE '07: Proceedings of the Third IEEE International Conference on e-Science and Grid Computing},
 year = {2007},
 isbn = {0-7695-3064-8},
 pages = {143--150},
 doi = {http://dx.doi.org/10.1109/E-SCIENCE.2007.28},
 OPTpublisher = {IEEE Computer Society},
 OPTaddress = {Washington, DC, USA},
 }

@book{DataAssim,  author = {Geir Evensen},  title = {Data Assimilation: The Ensemble Kalman Filter},  year = {2006},  isbn = {354038300X},  publisher = {Springer-Verlag New York, Inc.},  address = {Secaucus, NJ, USA},  }  

@article{KalmanPaper,
	author = {Kalman, R. E. },
	citeulike-article-id = {347166},
	keywords = {ee520, filtering, kalman-filtering},
	posted-at = {2005-10-10 20:28:49},
	priority = {2},
	title = {A New Approach to Linear Filtering
and Prediction Problems},
	url = {http://www.cs.unc.edu/~welch/kalman/media/pdf/Kalman1960.pdf}
}

@InProceedings{LiEnKF07,
author = {Xin Li and Christopher White and Zhou Lei and Gabrielle Allen},
title = {Reservoir Model Updating by Ensemble Kalman Filter-Practical Approaches Using Grid Computing Technology},
booktitle = {Petroleum Geostatistics  2007},
address = {Cascais,Portugal},
month = {August},
year = {2007}
}

@article{DO2007,
  author        = {Gu, Yaqing and Dean S. Oliver},
  title         = {An Iterative Ensemble Kalman Filter for Multiphase Fluid
                  Flow Data Assimilation},
  journal       = {SPE Journal},
  year          = {2007},
  volume        = {12},
  number        = {4},
  pages         = {438-446}
 }


@Article{DO2006,
  author        = {Gu, Yaqing and Dean S. Oliver},
  title         = {The ensemble Kalman filter for continuous updating of
                  reservoir simulation models},
  journal       = {Journal of Engineering Resources Technology},
  year          = {2006},
  volume        = {128},
  number        = {1},
  pages         = {79-87}
}

@misc{ogf_web,
        author = {{Open Grid Forum}},
        url  = {http://www.ogf.org/}
}

@misc{DRMAA_url,
	author = {{Distributed Resource Management Application API}},
	note = {{http://drmaa.org}}
}

@misc{gridrpc_url, note = {{http://forge.ogf.org/sf/projects/gridrpc-wg}} }

@misc{saga-core,
	author = {{Tom Goodale, Shantenu Jha, Hartmut Kaiser, Thilo Kielmann, Pascal Kleijer, Andre Merzky, John Shalf, Christopher Smith}},
	url = {http://www.ogf.org/documents/GFD.90.pdf}
}

@misc{novelsubmissionmode,
	author = {{Shantenu Jha}},
	title = {Exploring Submission of Tightly-coupled Jobs Across Distributed Resources for Performance Enhancement},
	url = {http://www.allhands.org.uk/2008/programme/index.cfm}
}
