% $Header: /projects/VU-SAGA/Papers/saga_engine_2006/saga_engine.bib,v 1.8 2006/10/11 01:30:32 hkaiser Exp $

@article{cog,
  author      = "G. v. Laszewski and I. Foster and J. Gawor 
                 and P. Lane",
  title       = "A {Java} commodity grid kit",
  journal     = "Concurrency and Computation: Practice and Experience",
  volume      = "13",
  number      = "8--9",
  pages       = "645--662",
  year        = "2001",
  url         = "citeseer.ist.psu.edu/article/vonlaszewski01java.html", 
}

@techreport{saga_uc,
  author      = {Andre Merzky and Shantenu Jha},
  title       = {{Simple API for Grid Applications -- Use Case Document}},
  institution = {Open Grid Forum}, 
  year        = 2006,
  month       = {March},
  note        = {{GFD.70}},
}

@techreport{saga_req,
  author      = {Andre Merzky and Shantenu Jha},
  title       = {{A Requirements Analysis for a Simple API for Grid
                  Applications}},
  institution = {Open Grid Forum}, 
  year        = 2006,
  month       = {May},
  note        = {{GFD.71}},
}

@article{gridrpc,
  title       = {{Overview of GridRPC: A Remote Procedure Call API for Grid Computing}},
  author      = {Seymour, K. and Nakada, H. and Matsuoka, S. and Dongarra, J. and 
                 Lee, C. and Casanova, H.},
  journal     = {3rd International Workshop on Grid Computing, November},
  year        = {2002},
  publisher   = {Springer}
}
@techreport{drmaa,
  title       = {{Distributed Resource Management Application API Specification}},
  author      = {Rajic, H. and Inc, I.A. and Chan, W. and Ferstl, I.B.M.F. and Haas, A. 
                 and Tollefsrud, J.},
  institution = {Open Grid Forum},
  month       = {September},
  year        = {2002},
  note        = {{GFD.22}},
}


@misc{ogf_website,
  author      = {},
  title       = {{Open Grid Forum (OGF)}},
  note        = {{\url{http://www.ogf.org/}}},
}

@misc{gridlab_webpage,
  author      = {},
  title       = {{Gridlab: A Grid Application Toolkit and Tsetbed}},
  note        = {{\url{http://www.gridlab.org/}}},
}

@inproceedings{glite,
 author       = {R\&\#252;diger Berlich and Marcel Kunze and Kilian Schwarz},
 title        = {{Grid computing in Europe: from research to deployment}},
 booktitle    = {{CRPIT '44: Proceedings of the 2005 Australasian workshop on 
                  Grid computing and e-research}},
 year         = {2005},
 isbn         = {1-920-68226-0},
 pages        = {21--27},
 location     = {Newcastle, New South Wales, Australia},
 publisher    = {Australian Computer Society, Inc.},
 address      = {Darlinghurst, Australia},
}


@article{future,
  title       = {{Asynchronous remote operation execution in distributed systems}},
  author      = {Walker, EF and Floyd, R. and Neves, P.},
  journal     = {Distributed Computing Systems, 1990. Proceedings.,
                 10th International Conference on},
  pages       = {253-259}
}


@article{gat,
  author      = {G. Allen and K. Davis and T. Goodale and
                  A. Hutanu and H. Kaiser and T. Kielmann 
                  and A. Merzky and R. Nieuwpoort and A.
                  Reinefeld and F. Schintke and T. Sch{\"u}tt 
                  and E. Seidel and B. Ullmer},
  title       = {{The Grid Application Toolkit: Towards Generic and Easy 
                 Application Programming Interfaces for the Grid.}},
  journal     = {Proceedings of the IEEE},
  year        = {2004},
}


@techreport{saga_spec, 
  title       = {{Simple API for Grid Applications -- API Version 1.0}}, 
  author      = {{SAGA Core Working Group}},
  note        = {{\url{http://forge.ggf.org/sf/projects/saga-core-wg}}}, 
  institution = {{OGF}},
  year        = 2006
}


@misc{boost_website,
  author      = {},
  title       = {{Boost C++ libraries}},
  note        = {{\url{http://www.boost.org/}}},
}

@misc{wave_website,
  author      = {Hartmut Kaiser},
  title       = {{Boost.Wave: A Standard Compliant C++ Preprocessor Library}},
  note        = {{\url{http://www.boost.org/libs/wave/index.html}}},
}

@misc{globus,
  author      = {},
  title       = {{The Globus Alliance}},
  note        = {{\url{http://www.globus.org/}}},
}

@misc{sidl,
  author   = {{SIDL}},
  title    = {{Scientific Interface Definition Language}},
  note     = {{\url{http://www.llnl.gov/CASC/components/babel.html}}},
}

@article{CS_Foster01a,
  key = {CS_Foster01a},
  author = {I. Foster and C. Kesselman and S. Tuecke},
  title = {{The Anatomy of the Grid: Enabling Scalable Virtual Organizations}},
  journal = {{Intl J. Supercomputer Applications}},
  volume  = {15},
  number  = {3},
  year    = 2001,
  note    = {{\url{http://www.globus.org/research/papers/anatomy.pdf}}}
}

@article{CS_Foster02a,
  author = {Ian Foster},
  title = {{The Grid: A New Infrastructure for 21st Century Science}},
  journal = {{Physics Today}},
  volume  = {Febrary},
  year    = 2002,
  pages   = {},
  eprint = {{\url{http://www.physicstoday.org/vol-55/iss-2/p42.html}}}
}

@article{pimpl,
  author = {H. Sutter},
  title = {{Pimples--Beauty Marks You Can Depend On}},
  year    = 1998,
  volume  = {10},
  number  = {5},
  journal = {{C++ Report}},
  publisher = {{Cambridge University Press}},
  note    = {{\url{http://www.gotw.ca/publications/mill04.htm}}},
}

@article{saga-paper,
  author       = {T. Goodale and S. Jha and H. Kaiser and
                  T. Kielmann and P. Kleijer and G. v. Laszewski and
                  C. Lee and A. Merzky and H. Rajic and J. Shalf},
  title        = {{SAGA: A Simple API for Grid Applications
                  -- High-Level Application Programming on the Grid}},
  journal      = {{Computational Methods in Science and Technology: special
                  issue "Grid Applications: New Challenges for Computational 
                  Methods"}},
  volume       = {8},
  number       = {2},
  year         = {2005},
  month        = {SC05, November},
}

@article{futures,
  author       = {R. H. Halstead Jr.},
  title        = {{Multilisp: A language for concurrent symbolic computation}},
  journal      = {{Transactions on Programming Languages and Systems}},
  volume       = {7},
  number       = {4},
  year         = {1985},
  month        = {October},
  pages        = {501–-538},
}

@techreport{ogsa_roadmap,
  author      = {{OGSA Working Group}},
  editors     = {{H. Kishimoto and J. Treadwell}},
  title       = {{Defining the Grid: A Roadmap for OGSA Standards}},
  institution = {Open Grid Forum}, 
  year        = 2005,
  month       = {September},
  note        = {{GFD.53}},
}

@inproceedings{CS_Hirmer_06a,
  author = {S.~Hirmer and H.~Kaiser and A.~Merzky and A.~Hutanu and G.~Allen},
  title = {{Seamless Integration of Generic Bulk Operations in Grid Applications}},
  booktitle = {{Submitted to International Workshop on Grid Computing and its Application to Data Analysis (GADA'06)}},
  publisher = {Springer Verlag},
  Address = {Agia Napa, Cyprus},
  year = {2006}
}

@inproceedings{CS_Allen06a,
	author = {{Gabrielle Allen and Philip Bogden and Gerald Creager and Chirag Dekate 
	           and Carola Jesch and Hartmut Kaiser and Jon MacLaren and Will Perriea 
	           and Gregory Stone and Xiongping Zhang}},
	title = {{GIS and Integrated Coastal Ocean Forecasting}},
	booktitle = {{Submitted to Concurrency and Computation: Practice and Experience}},
	year = {2006},
}
@inproceedings{CS_Huang06a,
	author = {{D. Huang and G. Allen and C. Dekate and H. Kaiser
	           and Z. Lei and J. MacLaren}},
	title =  {{getdata: A Grid Enabled Data Client for Coastal Modeling}},
	booktitle = {{High Performance Computing Symposium (HPC 2006)}},
	month = {{April 3--6}}, 
	year = {2006}, 
	location = {{Huntsville, AL}},
}
