@Conference{sirvent2005grid,
  title =        "{GRID superscalar and SAGA: forming a high-level and
                 platform-independent Grid programming environment}",
  author =       "R. Sirvent and A. Merzky and R. M. Badia and T.
                 Kielmann",
  booktitle =    "CoreGRID Integration WorkShop",
  volume =       "2005",
  year =         "2005",
  organization = "Citeseer",
}

@Article{sagastuff,
  author =       "Tom Goodale and Shantenu Jha and Harmut Kaiser and
                 Thilo Kielmann and Pascal K leijer and Gregor von
                 Laszewski and Craig Lee and Andre Merzky and Hrabri
                 Rajic and John Shalf",
  date-added =   "2007-12-08 18:56:12 +0100",
  date-modified = "2007-12-08 18:56:12 +0100",
  journal =      "Computational Methods in Science and Technology",
  number =       "1",
  pages =        "7--20",
  title =        "{SAGA: A Simple API for Grid applications, High-Level
                 Application Programming on the Grid}",
  URL =          "\url{http://saga.cct.lsu.edu/publications/saga_paper-a_simple_api_for_grid_applications_sc05.pdf}",
  volume =       "12",
  bdsk-url-1 =   "http://saga.cct.lsu.edu/publications/saga_paper-a_simple_api_for_grid_applications_sc05.pdf",
  year =         "2006",
}

@Documentseries{saga-req,
  author =       "Andre Merzky and Shantenu Jha",
  date-added =   "2008-02-24 20:36:03 -0600",
  date-modified = "2008-02-24 20:36:03 -0600",
  published =    "Grid Forum Document GFD.71",
  note =         "Global Grid Forum",
  title =        "{A Requirements Analysis for a Simple API for Grid
                 Applications}",
  year =         "2006",
}

@InProceedings{Kaiser:2006qp,
  address =      "Portland, OR, USA",
  author =       "H. Kaiser and A. Merzky and S. Hirmer and G. Allen",
  booktitle =    "{Object-Oriented Programming, Systems, Languages and
                 Applications (OOPSLA'06) - Library-Centric Software
                 Design (LCSD'06)}",
  date-added =   "2008-03-23 21:22:46 +0100",
  date-modified = "2008-05-25 13:49:44 +0200",
  published =    "\url{http://saga.cct.lsu.edu/publications/saga_paper-the_saga_cpp_reference_implementation_oopsla06.pdf}",
  month =        oct # ", 22-26",
  title =        "{The SAGA C++ Reference Implementation}",
  year =         "2006",
}

@Grid{saga-uc,
  author =       "Andre Merzky and Shantenu Jha",
  date-added =   "2008-02-24 20:35:56 -0600",
  date-modified = "2008-02-24 20:35:56 -0600",
  published =    "Grid Forum Document GFD.70",
  note =         "Global Grid Forum",
  title =        "{A Collection of Use Cases for a Simple API for Grid
                 Applications}",
  year =         "2006",
}

@InProceedings{1267323,
  address =      "Berkeley, CA, USA",
  author =       "Fay Chang and Jeffrey Dean and Sanjay Ghemawat and
                 Wilson C. Hsieh and Deborah A. Wallach and Mike Burrows
                 and Tushar Chandra and Andrew Fikes and Robert E.
                 Gruber",
  booktitle =    "OSDI '06: Proceedings of the 7th USENIX Symposium on
                 Operating Systems Design and Implementation",
  location =     "Seattle, WA",
  pages =        "15--15",
  publisher =    "USENIX Association",
  title =        "{Bigtable: a distributed storage system for structured
                 data}",
  year =         "2006",
}

@TechReport{ogf-gfd-71,
  author =       "Shantenu Jha and Andre Merzky",
  title =        "{A Requirements Analysis for a Simple API for Grid
                 Applications}",
  publisher =    "Grid Forum Document GFD.71",
  type =         "{OGF Informational Document}",
  institution =  "{Open Grid Forum}",
  URL =          "http://www.ggf.org/documents/GFD.71.pdf",
  year =         "2006",
}

@Conference{kaiser2006saga,
  title =        "{The SAGA C++ reference implementation: a milestone
                 toward new high-level grid applications}",
  author =       "H. Kaiser and A. Merzky and S. Hirmer and G. Allen and
                 E. Seidel",
  booktitle =    "Proceedings of the 2006 ACM/IEEE conference on
                 Supercomputing",
  pages =        "184",
  year =         "2006",
  organization = "ACM",
}

@Article{hirmer2006seamless,
  title =        "{Seamless Integration of Generic Bulk Operations in
                 Grid Applications}",
  author =       "S. Hirmer and H. Kaiser and A. Merzky and A. Hutanu
                 and G. Allen",
  journal =      "LECTURE NOTES IN COMPUTER SCIENCE",
  volume =       "4277",
  pages =        "52",
  year =         "2006",
  publisher =    "Springer",
}

@InProceedings{escience07,
  author =       "Shantenu Jha and Hartmut Kaiser and Yaakoub El Khamra
                 and Ole Weidner",
  title =        "{Design and Implementation of Network Performance
                 Aware Applications Using SAGA and Cactus}",
  booktitle =    "E-SCIENCE '07: Proceedings of the Third IEEE
                 International Conference on e-Science and Grid
                 Computing",
  ISBN =         "0-7695-3064-8",
  pages =        "143--150",
  doi =          "http://dx.doi.org/10.1109/E-SCIENCE.2007.28",
  publisher =    "IEEE Computer Society",
  address =      "Washington, DC, USA",
  year =         "2007",
}

@TechReport{ogf-gfd-90,
  author =       "Tom Goodale and Shantenu Jha and Hartmut Kaiser and
                 Thilo Kielmann and Pascal Kleijer and Andre Merzky and
                 John Shalf and Christopher Smith",
  title =        "{A Simple API for Grid Applications (SAGA)}",
  publisher =    "Grid Forum Document GFD.90",
  type =         "OGF Proposed Recommendation Document",
  institution =  "Open Grid Forum",
  year =         "2007",
}

@InProceedings{saga_gin,
  address =      "Washington, DC, USA",
  author =       "Shantenu Jha and Hartmut Kaiser and Andre Merzky and
                 Ole Weidner",
  booktitle =    "E-SCIENCE '07: Proceedings of the Third IEEE
                 International Conference on e-Science and Grid
                 Computing (e-Science 2007)",
  date-added =   "2008-02-16 18:54:59 -0600",
  date-modified = "2008-02-16 18:54:59 -0600",
  doi =          "http://dx.doi.org/10.1109/E-SCIENCE.2007.39",
  ISBN =         "0-7695-3064-8",
  pages =        "584--591",
  publisher =    "IEEE Computer Society",
  title =        "{Grid Interoperability at the Application Level Using
                 SAGA}",
  bdsk-url-1 =   "http://dx.doi.org/10.1109/E-SCIENCE.2007.39",
  year =         "2007",
}

@Talkpaper{saga_condor,
  author =       "Shantenu Jha",
  title =        "{Being Optimally Lazy: The case for integrating SAGA
                 with Condor}",
  keywords =     "Condor Week",
  URL =          "http://www.cs.wisc.edu/condor/CondorWeek2008/condor/presentations/jha/saga.pdf",
  year =         "2008",
}

@InProceedings{Luckow:2008la,
  address =      "Indianapolis, IN, USA",
  author =       "A. Luckow and S. Jha and J. Kim and A. Merzky and B.
                 Schnor",
  booktitle =    "4th IEEE International Conference on e-Science",
  date-added =   "2008-11-09 15:25:20 +0100",
  date-modified = "2008-11-23 19:13:58 +0100",
  title =        "{Distributed Replica-Exchange Simulations on
                 Production Environments using SAGA and Migol}",
  year =         "2008",
}

@TechReport{saga_gfd90,
  author =       "Tom Goodale and Shantenu Jha and Hartmut Kaiser and
                 Thilo Kielmann and Pascal Kleijer and Andre Merzky and
                 John Shalf and Christopher Smith",
  title =        "{A Simple API for Grid Applications (SAGA)}",
  published =    "OGF Document Series 90",
  URL =          "http://www.ogf.org/documents/GFD.90.pdf",
  year =         "2011",
}

@Link{saga_url,
  author =       "SAGA",
  URL =  "http://saga.cct.lsu.edu",
  year =         "2011",
}

@TechReport{ogf-gwd-r-96,
  author =       "Andre Merzky and Andre Luckow and Derek Simmel",
  title =        "{SAGA Extension: Checkpoint and Recovery API (CPR)}",
  publisher =    "Grid Forum Document GFD.XX",
  type =         "Draft for an OGF Proposed Recommendation Document",
  institution =  "Open Grid Forum",
  URL =          "http://www.ogf.org/OGF27/materials/1767/saga_cpr.pdf",
  year =         "2008",
}

@InProceedings{saga_tg08,
  author =       "S. Jha and Y. El Khamra and H. Kaiser and A. Merzky
                 and O. Weidner",
  title =        "{Developing Large-Scale Adaptive Scientific
                 Applications with Hard to Predict Runtime Resource
                 Requirements}",
  booktitle =    "Proceedings of TeraGrid08",
  URL =          "http://tinyurl.com/5du32j",
  year =         "2008",
}

@Conference{jha2009developing,
  title =        "{Developing Scientific Applications with
                 Loosely-Coupled Sub-tasks}",
  author =       "S. Jha and Y. El-Khamra and J. Kim",
  booktitle =    "Proceedings of the 9th International Conference on
                 Computational Science: Part I",
  pages =        "650",
  year =         "2009",
  organization = "Springer",
}

@Article{10.1109/GPC.2009.17,
  author =       "A. Merzky and K. Stamou and S. Jha",
  title =        "{Application Level Interoperability between Clouds and
                 Grids}",
  journal =      "Grid and Pervasive Computing Conference",
  volume =       "0",
  ISBN =         "978-0-7695-3677-4",
  pages =        "143--150",
  doi =          "http://doi.ieeecomputersociety.org/10.1109/GPC.2009.17",
  publisher =    "IEEE Computer Society",
  address =      "Los Alamitos, CA, USA",
  year =         "2009",
}


@InProceedings{saga_data_intensive_abstractions,
  author =       "C. Miceli and M. Miceli and S. Jha and H. Kaiser and
                 A. Merzky",
  booktitle =    "Cluster Computing and the Grid, 2009. CCGRID '09. 9th
                 IEEE/ACM International Symposium on",
  title =        "{Programming Abstractions for Data Intensive Computing
                 on Clouds and Grids}",
  month =        may,
  volume =       "",
  number =       "",
  pages =        "478--483",
  keywords =     "application program interfaces, grid computing,
                 parallel programmingMapReduce data-parallel programming
                 model, SAGA programming interface, cloud computing,
                 data intensive computing, data network transfer,
                 distributed application, grid computing, programming
                 abstraction",
  doi =          "10.1109/CCGRID.2009.87",
  ISSN =         "",
  year =         "2009",
}

@Conference{sagamontage09,
  author =       "A. Merzky and K. Stamou and S. Jha and D. S. Katz",
  title =        "A Fresh Perspective on Developing and Executing
                 {DAG}-Based Distributed Applications: {A} Case-Study of
                 {SAGA}-based Montage",
  publisher =    "IEEE Conference on eScience 2009, Oxford",
  URL =          "http://www.cct.lsu.edu/~sjha/dpa_publications/saga_montage_G09.pdf",
  year =         "2009",
}

@inproceedings{dpagrid2009,
  author    = {Shantenu Jha and
               Daniel S. Katz and
               Manish Parashar and
               Omer Rana and
               Jon B. Weissman},
  title     = {Critical perspectives on large-scale distributed applications
               and production Grids},
  booktitle = {The 10th IEEE/ACM Conference on Grid Computing 2009},
  year      = {2009},
  pages     = {1-8},
  ee        = {http://dx.doi.org/10.1109/GRID.2009.5353064},
  crossref  = {DBLP:conf/grid/2009},
  bibsource = {DBLP, http://dblp.uni-trier.de}
}

@Conference{dpagrid2009-2,
  address =      "Banfi', Canada",
  author =       " Shantenu Jha and  Daniel S. Katz and  Manish Parashar
                 and  Omer Rana and Jon Weissman",
  title =        "Critical Perspectives on Large-Scale Distributed
                 Applications and Production Grids",
  location =     "IEEE Grid 2009 Conference (Best Paper)",
  publisher =    "IEEE Computer Society Press",
  month =        oct,
  URL =          "http://www.cct.lsu.edu/~sjha/dpa_publications/dpa_grid2009.pdf",
  year =         "2009",
}

@Article{1542058,
  address =      "Chichester, UK",
  author =       "Shantenu Jha and Andre Merzky and Geoffrey Fox",
  doi =          "http://dx.doi.org/10.1002/cpe.v21:8",
  ISSN =         "1532-0626",
  journal =      "Concurr. Comput. : Pract. Exper.",
  number =       "8",
  pages =        "1087--1108",
  publisher =    "John Wiley and Sons Ltd.",
  title =        "{Using clouds to provide grids with higher levels of
                 abstraction and explicit support for usage modes}",
  volume =       "21",
  bdsk-url-1 =   "http://dx.doi.org/10.1002/cpe.v21:8",
  year = {2009}, 
}


@InProceedings{co2_escience2009,
  author =       "Yaakoub El Khamra and Shantenu Jha",
  booktitle =    "Microsoft Research eScience Workshop, Pittsburgh",
  URL =          "http://research.microsoft.com/en-us/UM/redmond/events/eScience2009/17863/lecture.htm",
  location =     "Pittsburgh, PA",
  title =        "{Modelling Data-Driven CO$_2$ Sequestration Using
                 Distributed HPC CyberInfrastructure}",
  year =         "2009",
}

@Article{repex_ptrsa,
  author =       "A. Luckow and S. Jha and J. Kim and A. Merzky and B.
                 Schnor",
  date-added =   "2008-11-23 19:14:05 +0100",
  date-modified = "2009-01-18 21:16:54 +0100",
  date =         "28",
  month =        jun,
  pages =        "2595--2606",
  journal =      "Royal Society Philosophical Transactions A",
  title =        "{Adaptive Replica-Exchange Simulations}",
  year =         "2009",
}

@InProceedings{gmac09,
  author =       "Yaakoub El Khamra and Shantenu Jha",
  title =        "Title: {Developing Autonomic Distributed Scientific
                 Applications: A Case Study From History Matching Using
                 Ensemble Kalman-Filters}",
  booktitle =    "GMAC '09: Proceedings of the 6th international
                 conference industry session on Grids meets autonomic
                 computing",
  ISBN =         "978-1-60558-578-9",
  pages =        "19--28",
  location =     "Barcelona, Spain",
  doi =          "http://doi.acm.org/10.1145/1555301.1555304",
  address =      "New York, NY, USA",
  publisher =    "IEEE",
  year =         "2009",
}

@Conference{luckow2009adaptive,
  author =       "A. Luckow and S. Jha and J. Kim and A. Merzky and B.
                 Schnor",
  title =        "{Adaptive distributed replica--exchange simulations}",
  booktitle =    "Theme Issue of the Philosophical Transactions of the
                 Royal Society A: Crossing Boundaries: Computational
                 Science, E-Science and Global E-Infrastructure
                 Proceedings of the UK e-Science All Hands Meeting",
  volume =       "367",
  year =         "2009",
}

@Article{jha2009using,
  title =        "{Using clouds to provide grids higher-levels of
                 abstraction and explicit support for usage modes}",
  author =       "S. Jha and A. Merzky and G. Fox",
  journal =      "Concurrency and Computation: Practice and Experience",
  volume =       "21",
  number =       "8",
  pages =        "2087--1108",
  year =         "2009",
  publisher =    "John Wiley \& Sons, Ltd. Chichester, UK",
}

@Article{katz2009louisiana,
  title =        "{Louisiana: a model for advancing regional e-Research
                 through cyberinfrastructure}",
  author =       "D. S. Katz and G. Allen and R. Cortez and C.
                 Cruz-Neira and R. Gottumukkala and Z. D. Greenwood and
                 L. Guice and S. Jha and R. Kolluru and T. Kosar and
                 others",
  journal =      "Philosophical Transactions of the Royal Society A:
                 Mathematical, Physical and Engineering Sciences",
  volume =       "367",
  number =       "1897",
  pages =        "2459",
  year =         "2009",
  publisher =    "The Royal Society",
}

@Article{2010RSPTA.368.4089M,
  author =       "C. {Miceli} and M. {Miceli} and B. {Rodriguez-Milla}
                 and S. {Jha}",
  title =        "{Understanding performance of distributed
                 data-intensive applications}",
  journal =      "Royal Society of London Philosophical Transactions
                 Series A",
  year =         "2010",
  month =        aug,
  volume =       "368",
  pages =        "4089--4102",
  doi =          "10.1098/rsta.2010.0168",
  adsurl =       "http://adsabs.harvard.edu/abs/2010RSPTA.368.4089M",
  adsnote =      "Provided by the SAO/NASA Astrophysics Data System",
}

@InProceedings{saga_bigjob_condor_cloud,
  author =       "A. Luckow and L. Lacinski and S. Jha",
  title =        "{SAGA BigJob: An Extensible and Interoperable
                 Pilot-Job Abstraction for Distributed Applications and
                 Systems}",
  booktitle =    "The 10th IEEE/ACM International Symposium on Cluster,
                 Cloud and Grid Computing",
  pages =       "135-144",
  keywords =     "grid computing, application level interoperability,
                 distributed applications, distributed infrastructure,
                 high-level programming interface",
  ISSN =         "978-0-7695-4039-9",
  URL =          "http://doi.ieeecomputersociety.org/10.1109/CCGRID.2010.91",
  year =         "2010",
}

@Article{bigjob_cloudcom10,
  author =       "Andre Luckow and Shantenu Jha",
  title =        "Abstractions for Loosely-Coupled and Ensemble-Based
                 Simulations on Azure",
  journal =      "Cloud Computing Technology and Science, IEEE
                 International Conference on",
  volume =       "0",
  ISBN =         "978-0-7695-4302-4",
  year =         "2010",
  pages =        "550--556",
  doi =          "http://doi.ieeecomputersociety.org/10.1109/CloudCom.2010.85",
  publisher =    "IEEE Computer Society",
  address =      "Los Alamitos, CA, USA",
}

@InProceedings{DBLP:conf/hpdc/KimHMAJ10,
  author =       "Joohyun Kim and Wei Huang and Sharath Maddineni and
                 Fareed Aboul-Ela and Shantenu Jha",
  title =        "Exploring the {RNA} folding energy landscape using
                 scalable distributed cyberinfrastructure",
  booktitle =    "Emerging Computational Methods in the Life Sciences, Proceedings of HPDC",
  year =         "2010",
  pages =        "477--488",
  ee =           "http://doi.acm.org/10.1145/1851476.1851546",
  crossref =     "DBLP:conf/hpdc/2010",
  bibsource =    "DBLP, http://dblp.uni-trier.de",
}

@Article{Sehgal2011590,
  title =        "Understanding application-level interoperability:
                 Scaling-out MapReduce over high-performance grids and
                 clouds",
  journal =      "Future Generation Computer Systems",
  volume =       "27",
  number =       "5",
  pages =        "590--599",
  year =         "2011",
  note =         "",
  ISSN =         "0167-739X",
  doi =          "DOI: 10.1016/j.future.2010.11.001",
  URL =          "http://www.sciencedirect.com/science/article/B6V06-51KT861-2/2/0092927785fbf5e065a7788af8b65b72",
  author =       "Saurabh Sehgal and Miklos Erdelyi and Andre Merzky and
                 Shantenu Jha",
  keywords =     "Programming systems",
  keywords =     "Distributed systems",
  keywords =     "Scale-out",
  keywords =     "Interoperability",
  keywords =     "MapReduce",
  keywords =     "SAGA",
}

@inproceedings{ko-efficient,
 author = {Ko, Soon-Heum and Kim, Nayong and Kim, Joohyun and Thota, Abhinav and Jha, Shantenu},
 title = {Efficient Runtime Environment for Coupled Multi-physics Simulations: Dynamic Resource Allocation and Load-Balancing},
 booktitle = {Proceedings of the 2010 10th IEEE/ACM International Conference on Cluster, Cloud and Grid Computing},
 series = {CCGRID '10},
 year = {2010},
 isbn = {978-0-7695-4039-9},
 pages = {349--358},
 numpages = {10},
 url = {http://dx.doi.org/10.1109/CCGRID.2010.107},
 doi = {http://dx.doi.org/10.1109/CCGRID.2010.107},
 acmid = {1845151},
 publisher = {IEEE Computer Society},
 address = {Washington, DC, USA},
 keywords = {SAGA (Simple API for Grid Applications), BigJob, Hybrid CFD-MD Approach, Runtime Environment, Load Balancing, Co-allocation},
} 

@inproceedings{merzky-fresh,
 author = {Merzky, Andre and Stamou, Katerina and Jha, Shantenu and Katz, Daniel S.},
 title = {A Fresh Perspective on Developing and Executing DAG-Based Distributed Applications: A Case-Study of SAGA-Based Montage},
 booktitle = {Proceedings of the 2009 Fifth IEEE International Conference on e-Science},
 series = {E-SCIENCE '09},
 year = {2009},
 isbn = {978-0-7695-3877-8},
 pages = {231--238},
 numpages = {8},
 url = {http://dx.doi.org/10.1109/e-Science.2009.40},
 doi = {http://dx.doi.org/10.1109/e-Science.2009.40},
 acmid = {1724826},
 publisher = {IEEE Computer Society},
 address = {Washington, DC, USA},
} 

@Article{jha-developing,
  title =        "{Developing Adaptive Scientific Applications with Hard
                 to Predict Runtime Resource Requirements with SAGA}",
  author =       "S. Jha and Y. El Khamra and H. Kaiser and O. Weidner
                 and A. Merzky",
}

@Competitionatgoogle{saga_mapreduce,
  title =        "{Exposing the Power of Google through SAGA}",
  keyword =      "Google Summer of Code",
  URL =          "http://www.omii.ac.uk/wiki/MPGoogleSAGA",
}

@Link{saga_condor_url,
  author =       "SAGA/Condor",
  URL =          "http://fortytwo.cct.lsu.edu:8000/SAGA/wiki/CondorAdaptor",
}

@Link{remd-manager_url,
  URL =          "https://svn.cct.lsu.edu/repos/saga-projects/applications/REMDgManager/src/main.py",
 }

@link{gridrpc_url,
 	URL = "http://forge.ogf.org/sf/projects/gridrpc-wg",
}

@Link{jsaga,
  title =        "{JSaga}",
  URL =          "http://grid.in2p3.fr/jsaga/index.html",
}

@Link{glite,
  URL =          "http://glite.web.cern.ch/glite/",
}

@Link{ogf_web,
  author =       "Open Grid Forum",
  URL =          "http://www.ogf.org/",
}

@Link{saga_core_long,
  author =       "Tom Goodale and Shantenu Jha and Hartmut Kaiser and
                 Thilo Kielmann and Pascal Kleijer and Andre Merzky and
                 John Shalf and Christopher Smith",
  URL =          "http://www.ogf.org/documents/GFD.90.pdf",
}

@Link{saga-tools,
  URL =          "http://saga.cct.lsu.edu/projects/tools-and-infrastructure",
}

@Link{saga-projects,
  URL = "http://saga.cct.lsu.edu/projects/",
}

@Link{saga-home,
  URL =          "http://saga.cct.lsu.edu/",
}


@misc{async_repex11,
author = 	{A. Thota and A. Luckow and S. Jha}, 
title = 	"{\em Efficient Large-Scale Replica-Exchange Simulations on Production Infrastructure}", 
publisher= "{Accepted, Philosophical Transactions of the Royal Society A: Mathematical, Physical and Engineering Sciences (in press)}", 
URL =  "{http://saga.cct.lsu.edu/publications/papers/confpapers/erelpri}"
}

@misc{dpa_surveypaper, note = {{\it Distributed Computing Practice for Large-Scale Science \& Engineering Applications}, S. Jha {\em et al}, submitted to ACM Computing Surveys, draft available at: \url{http://www.cct.lsu.edu/~sjha/select_publications/dpa_surveypaper.pdf}}}


@misc{dare-tg11, note = {J Kim, S Maddineni, S Jha{$^*$},``Building
                  Gateways for Life-Science Applications using the
                  Dynamic Application Runtime Environment (DARE)
                  Framework'', accepted for publication, ACM
                  Proceedings, TeraGrid 2011}}

@misc{dare-ecmls11, note = {Kim, S Maddineni, S Jha{$^*$},''
                  Characterizing Deep Sequencing Analytics Using
                  BFAST: Towards a Scalable Distributed Architecture
                  for Next-Generation Sequencing Data'', accepted for
                  Emerging Computational Methods in the Life Sciences
                  2011, workshop held in conjunction with HPDC-2011}}



@inproceedings{saga-teach-fg10,
 author = {L\"{o}ffler, Frank and Allen, Gabrielle and Benger, Werner and Hutanu, Andrei and Jha, Shantenu and Schnetter, Erik},
 title = {Using the TeraGrid to teach scientific computing},
 booktitle = {Proceedings of the 2011 TeraGrid Conference: Extreme Digital Discovery},
 series = {TG '11},
 year = {2011},
 isbn = {978-1-4503-0888-5},
 location = {Salt Lake City, Utah},
 pages = {55:1--55:7},
 articleno = {55},
 numpages = {7},
 url = {http://doi.acm.org/10.1145/2016741.2016800},
 doi = {http://doi.acm.org/10.1145/2016741.2016800},
 acmid = {2016800},
 publisher = {ACM},
 address = {New York, NY, USA},
 keywords = {computation, education, scientific computing},
} 


@inproceedings{co2-tg10,
 author = {el-Khamra, Yaakoub and Jha, Shantenu and White, Christopher D.},
 title = {Modelling data-driven CO2 sequestration using distributed HPC cyberinfrastructure},
 booktitle = {Proceedings of the 2010 TeraGrid Conference},
 series = {TG '10},
 year = {2010},
 isbn = {978-1-60558-818-6},
 location = {Pittsburgh, Pennsylvania},
 pages = {6:1--6:8},
 articleno = {6},
 numpages = {8},
 url = {http://doi.acm.org/10.1145/1838574.1838580},
 doi = {http://doi.acm.org/10.1145/1838574.1838580},
 acmid = {1838580},
 publisher = {ACM},
 address = {New York, NY, USA},
 keywords = {distributed applications, ensemble simulations, scaleout, sequestration},
} 
