@misc{url_xsede_data,
  author    = {{XSEDE -- Xtreme Science and Engineering Discovery
              Environment}},
  title     = {{Data Transfers \& Management}},
  year      = 2012,
  month     = {March},
  note      = {\newline\url{https://www.xsede.org/data-transfers/}},
}


@misc{url_xsede_level,
  author    = {{XSEDE -- Xtreme Science and Engineering Discovery
              Environment}},
  title     = {{XSEDE Architecture Document}},
  year      = 2012,
  month     = {May},
  note      = {\newline\url{https://www.xsede.org/documents/10157/281380/XSEDE+Architecture+2012-03-03+Level-1-and-2+ver+1.pdf}},
}



@misc{url_xsede_what,
  author    = {{XSEDE -- Xtreme Science and Engineering Discovery
              Environment}},
  title     = {{What we Do}},
  year      = 2012,
  month     = {March},
  note      = {\newline\url{https://www.xsede.org/web/guest/what-we-do}},
}

@misc{url_xsede_overview,
  author    = {{XSEDE -- Xtreme Science and Engineering Discovery
              Environment}},
  title     = {{Overview}},
  year      = 2012,
  month     = {March},
  note      = {\newline\url{https://www.xsede.org/web/guest/overview}},
}

@misc{url_globusonline_performance,
  author    = {{GlobusOnline / Pittsburgh Supercomputing Center}},
  title     = {{GridFTP Metrics}},
  year      = 2012,
  note      = {\newline\url{http://quipu.psc.teragrid.org/speedpage/www/}},
}

@misc{url_xsede_storage,
  author    = {{XSEDE -- Xtreme Science and Engineering Discovery
              Environment}},
  title     = {{Storage}},
  year      = 2012,
  month     = {January},
  note      = {\newline\url{https://www.xsede.org/web/guest/storage}},
}

@misc{url_xsede_lustrewan,
  author    = {{XSEDE / Pittsburgh Supercomputing Center}},
  title     = {{Lustre-WAN Metrics}},
  year      = 2012,
  month     = {January},
  note      = {\newline\url{http://quipu.psc.teragrid.org/wanpage/www/}},
}

@misc{url_xsede_gffs,
  author    = {{XSEDE -- Xtreme Science and Engineering Discovery
              Environment}},
  title     = {{Campus Bridging: Implementing GFFS at IU}},
  year      = 2012,
  month     = {February},
  note      = {\newline\url{https://xup1.tacc.utexas.edu:8443/web/xup/knowledge-base/-/kb/document/bblz}},
}

