@misc{cactus_web,
        author = {{Cactus Framework}},
        url  = {{http://www.cactuscode.org}}
}


@misc{wei_url,
        author = {{Riboswitch Movies}},
        url  = {{http://www.cct.lsu.edu/~whuang/index_files/movie.htm}}
}


@misc{saga_url, note = {The Simple API for Grid Applications, http://saga.cct.lsu.edu}}
 
@misc{sagamapreduce, note = {S. Jha et al, Abstractions for Data-Intensive Computing using SAGA, in publication, Phil. Trans. of the Royal Society, London}}
@misc{akeson, note = {M. Akeson et al. Biophys. J., 77(6):3227�3233, 1999.}}
@misc{jarz, note={C. Jarzynski. Phys. Rev. Lett., 78(14):2690�2693, 1997.}}
@misc{foloppe, note = {N. Foloppe et al. Drug Discovery Today. 11, 1019-1027, 2006.}}
@misc{mandal,  note = {M. Mandal et al. Nat Rev Mol Cell Biol. 5(6), 451-63, 2004.}}
@misc{brooke, note = {B. A. M. McDaniel et al. Proc. Natl. Acad. Sci. U.S.A. 100, 3083-3088, 2003.}}
@misc{montange, note = {R. K. Montange et al. Nature. 255, 1172-1175, 2006.}}
@misc{alberto, note = {P. Alberto, et al. Biophysical Journal. 92, 3817-3829, 2007}}
@misc{wang,  note = {J. Wang et al. Journal of Molecular Graphics and Modelling , 25, 247260, 2006,.}}
@misc{namd, note = {J. Philips et al. Journal of Computational Chemistry. 26, 1781-1802, 2005.}}
@misc{humphrey, note = {W. Humphrey et al. J. Molec. Graphics. 14, 33-38, 1996.}}
@misc{michele, note = {S. Michele et al. Bioinformatics. 23(19), 2625-2627, 2007.}}
@misc{moe, note = {Molecular Operating Environment (MOE 2007.9), Chemical Computing Group (CCG).}}

@inproceedings{saga_escience07,
author = {S. Jha and H. Kaiser and Y.  El Khamra and O. Weidner},
title = {Design and Implementation of Network Performance Aware Applications Using 
SAGA and Cactus },
year = {2007},
booktitle = { Accepted for 3rd IEEE Conference on eScience2007 and Grid Computing, 
Bangalore, India.},
url = {http://saga.cct.lsu.edu/publications/saga_cactus_escience.pdf},
} 

@article{SAM-I-NAR2009,
  author        = {W. Huang and J. Kim and S. Jha and F. Aboul-ela},
  title         = {A Mechanism for S-adenosyl methionine Assisted Formation of a Riboswitch Conformation: A Small Molecule with a Strong Arm},
  journal       = {Nucleic Acid Res.},
  year          = {2009},
  volume={37},
number={19},
pages={6528-6539},
  url           = {},
}

@article{REMD-PhilTranA2009,
  author        = {A. Luckow and S. Jha and J. Kim and A. Merzky and B. Schnor},
  title         = {Adaptive distributed Replica-Exchane simulations},
  journal       = {Phil. Tran. A},
  year          = {2009},
  volume        = {367},
  number        = {},
  pages         = {2595},
  url           = {},
}

@inproceedings{teragrid08,
author = {S. Jha and K. Hartmut and Y. El Khamra and O. Weidner},
title = {Developing Adaptive Scientific Applications with Hard to Predict Runtime Resource Requirements with SAGA},
year = {2008},
booktitle = {Proceedings of the TeraGrid 2008 Conference},
} 

@article{GeoRPT,
  author        = {D. J. DePaolo et al.},
  title         = {BASIC RESEARCH NEEDS FOR GEOSCIENCES:FACILITATING 21ST CENTURY ENERGY SYSTEMS},
  journal       = {Office of Basic Energy Sciences, U.S. Department of Energy},
  year          = {2007},
  url           = {{http://www.er.doe.gov/bes/reports/files/GEO_rpt.pdf}},
}

@book{Luigi,
  author        = {L. Marini},
  title         = {Geological Sequestration of Carbon Dioxide, Volume 11: Thermodynamics, Kinetics, and Reaction Path Modeling (Developments in Geochemistry)},
  volume       = {11},
  year          = {2007},
  publisher = {US EPA},
  url           = {{http://www.er.doe.gov/bes/reports/files/GEO_rpt.pdf}},
}

@book{EORBook,
  author        = {D. W. Green and G. P. Willhite},
  title         = {Enhanced Oil Recovery},
  volume       = {6},
  year          = {1998},
  publisher = {SPE},
}

@inproceedings{Duff1,
 author = {D. Richard and Y. El Khamra},
 title = {A sensor and computation grid enabled engineering model for drilling vibration research},
 booktitle = {MG '08: Proceedings of the 15th ACM Mardi Gras conference},
 year = {2008},
 isbn = {978-1-59593-835-0},
 pages = {1--1},
 location = {Baton Rouge, Louisiana},
 doi = {http://doi.acm.org/10.1145/1341811.1341837},
 publisher = {ACM},
 address = {New York, NY, USA},
 }

@inproceedings{Duff2,
author = {D. Richard and Y. El Khamra},
 title = {Real Time Simulation in Grid Environments: Communicating Data from Sensors to Scientific Simulations},
 booktitle = {Digital Energy Conference and Exhibition},
 year = {2007},
 location = {Houston, Texas, U.S.A},
 publisher = {SPE},
 }

@inproceedings{gmac,
  author = {Y. El Khamra and S. Jha},
  title = {Title: {Developing Autonomic Distributed Scientific Applications: A Case Study From History Matching Using Ensemble Kalman-Filters}},
  booktitle = {Sixth International Conference on Autonomic Computing, 2009. ICAC '09 (Barcelona)},
  publisher = {IEEE},
  year = {2009},
}

@article{DO2006,
  author        = {Y. Gu and D. S. Oliver},
  title         = {The ensemble Kalman filter for continuous updating of
                  reservoir simulation models},
  journal       = {Journal of Engineering Resources Technology},
  year          = {2006},
  volume        = {128},
  number        = {1},
  pages         = {79-87},
}

@article{DO2007,
  author        = {Y. Gu and D. S. Oliver},
  title         = {An Iterative Ensemble Kalman Filter for Multiphase Fluid
                  Flow Data Assimilation},
  journal       = {SPE Journal},
  year          = {2007},
  volume        = {12},
  number        = {4},
  pages         = {438-446},
 }

@InProceedings{LiEnKF07,
author = {X. Li and C. White and Z. Lei and G. Allen},
title = {Reservoir Model Updating by Ensemble Kalman Filter-Practical Approaches Using Grid Computing Technology},
booktitle = {Petroleum Geostatistics  2007},
address = {Cascais,Portugal},
month = {August},
year = {2007}
}

@book{DataAssim,  author = {Geir Evensen},  title = {Data Assimilation: The Ensemble Kalman Filter},  year = {2006},  isbn = {354038300X},  publisher = {Springer-Verlag New York, Inc.},  address = {Secaucus, NJ, USA},  }  

@article{KalmanPaper,
	author = {R. E. Kalman },
        year = {1960},
	citeulike-article-id = {347166},
	keywords = {ee520, filtering, kalman-filtering},
	posted-at = {2005-10-10 20:28:49},
	priority = {2},
	title = {A New Approach to Linear Filtering
and Prediction Problems},
        publisher = {ASME},
        journal = {Journal of Basic Engineering}

}

@misc{saga_grid_cloud, note = {Application Level Interoperability between
                  Clouds and Grids accepted for First International
                  Workshop on Grids and Clouds, held in conjunction
                  with Conference on Grid and Pervasive Computing,
                  Geneva, 2009. Draft at: \\
\url{http://www.cct.lsu.edu/~sjha/publications/saga\_cloud\_interop.pdf}}}



@misc{saga_data_intensive, note = {Programming Abstraction for Data
                  Intensive Computing on Clouds and Grids, accepted at
                  Intl. Workshop on Cloud Computing, 2009, in
                  conjunction with CCGrid2009. Draft at:
                  {\href{http://www.cct.lsu.edu/~sjha/publications/saga\_data\_intensive.pdf}{\url{http://www.cct.lsu.edu/~sjha/publications/saga\_data\_intensive.pdf}}}}}

@misc{saga_loosely_coupled, note = {Developing Scientific Applications
                  With Loosely-Coupled Sub-Tasks, accepted
                  International Conference on Computational Science
                  (ICCS), in Baton Rouge, Jan 2009}}

@misc{interop_url2, note ={TeraGrid-LONI Interoperabilty Project, 
{\it A Science-Driven Project Using Advanced CyberInfrastructure funded by NSF via a HPCOPS award to LONI}, \href{\url{http://www.teragridforum.org/mediawiki/index.php?title=LONI-TeraGrid-DEISA\_Interoperabilty\_Project}}{\url{http://www.teragridforum.org/mediawiki/index.php?title=LONI-TeraGrid-DEISA\_Interoperabilty\_Project}}}}

@misc{interop_url, note ={TeraGrid-LONI Interoperabilty Project, 
{\it A Science-Driven Project Using Advanced CyberInfrastructure funded by NSF via a HPCOPS award to LONI}, {\url{http://www.teragridforum.org/mediawiki/index.php?title=LONI-TeraGrid-DEISA\_Interoperabilty\_Project}}}}


@article{White2003,
	Author = {C. D. White and D. Novakovic and S. P. Dutton and B. J. Willis},
	Date-Added = {2010-01-27 20:31:01 -0600},
	Date-Modified = {2010-01-29 18:26:16 -0600},
	Journal = {Mathematical Geology},
	Month = {July},
	Number = {5},
	Owner = {ceedave},
	Pages = {549--575},
	Timestamp = {2006.10.18},
	Title = {A Geostatistical Model for Calcite Concretions in Sandstone},
	Volume = {35},
	Year = {2003}}

@inproceedings{Ballin1993,
	Address = {New Orleans, Louisiana},
	Author = {Ballin, P. R. and Aziz, K. and Journel, A. G. and Zuccolo, L.},
	Booktitle = {SPE Symposium on Reservoir Simulation},
	Date-Added = {2010-01-27 20:22:46 -0600},
	Date-Modified = {2010-01-27 20:25:13 -0600},
	Month = {8 February--3 March},
	Number = {25238-MS},
	Owner = {ceedave},
	Series = {SPE Paper},
	Timestamp = {2007.05.01},
	Title = {Quantifying the Impact of Geological Uncertainty on Reservoir Performing Forecasts},
	Year = {2003}}

@article{Anderson2007,
	Author = {J. L. Anderson},
	Date-Added = {2010-01-27 20:10:50 -0600},
	Date-Modified = {2010-01-27 20:10:50 -0600},
	Journal = {Physica D},
	Pages = {99--111},
	Title = {Exploring the need for localization in ensemble data assimilation using a hierarchical ensemble filter},
	Volume = {230},
	Year = {2007}}

@phdthesis{Li2008,
	Author = {Xin Li},
	Date-Added = {2010-01-27 19:39:33 -0600},
	Date-Modified = {2010-01-27 19:39:33 -0600},
	School = {Louisiana State University},
	Title = {Continuous Reservoir Model Updating by Ensemble Kalman Filter on Grid Computing Architectures},
	Year = {2008}}

@inproceedings{White1987,
	Address = {San Antonio, Texas},
	Author = {C. D. White and R. N. Horne},
	Booktitle = {Ninth SPE Symposium on Reservoir Simulation},
	Date-Added = {2010-01-27 19:20:32 -0600},
	Date-Modified = {2010-01-27 19:20:32 -0600},
	Month = {February 1-4},
	Owner = {ceedave},
	Pages = {209--220},
	Timestamp = {2007.12.06},
	Title = {Computing absolute transmissibility in the presence of fine-scale heterogeneity},
	Year = {1987}}

@article{Durlofsky1992,
	Author = {L. J. Durlofsky},
	Date-Added = {2010-01-27 19:20:13 -0600},
	Date-Modified = {2010-01-27 19:20:13 -0600},
	Journal = {{SPE} Formation Evaluation},
	Number = {4},
	Pages = {315--322},
	Title = {Modeling Fluid Flow Through Complex Reservoir Beds},
	Volume = {7},
	Year = {1992}}

@inproceedings{Ren2005,
	Address = {Calgary, Alberta},
	Author = {W. Ren and J. A. Mclennan and L. B. Cunha and C. V. Deutsch},
	Booktitle = {SPE International Thermal Operations and Heavy Oil Symposium},
	Date-Added = {2010-01-27 12:00:58 -0600},
	Date-Modified = {2010-01-27 14:58:30 -0600},
	Month = {1--3 November},
	Number = {97874},
	Owner = {ceedave},
	Series = {SPE/PS-CIM/CHOA},
	Title = {An Exact Downscaling Methodology in Presence of Heterogeneity: Application to the {A}thabasca Oil Sands},
	Year = {2005}}

@article{Deutsch1989,
	Author = {C. V. Deutsch},
	Date-Added = {2010-01-27 12:00:18 -0600},
	Date-Modified = {2010-01-27 12:00:18 -0600},
	Journal = {{SPE} Formation Evaluation},
	Number = {3},
	Pages = {343--348},
	Title = {Calculating Effective Absolute Permeability in Sandstone/Shale Sequences Calculating Effective Absolute Permeability in Sandstone/Shale Sequences},
	Volume = {4},
	Year = {1989}}

@book{Gilks96,
	Author = {W. R. Gilks and S. Richardson and D. J. Spiegelhalter},
	Date-Added = {2010-01-27 09:06:52 -0600},
	Date-Modified = {2010-01-29 18:27:15 -0600},
	Publisher = {Chapman and Hall},
	Title = {{M}arkov {C}hain {M}onte {C}arlo in {P}ractice},
	Year = {1996}}

@article{Kalla2008,
	Author = {S. Kalla and C. D. White and J. Gunning and M. E. Glinsky},
	Date-Added = {2010-01-27 08:31:51 -0600},
	Date-Modified = {2010-01-27 08:31:51 -0600},
	Journal = {{SPE} {J}ournal},
	Month = {December},
	Note = {SPE paper no. 103268},
	Number = {4},
	Owner = {ceedave},
	Pages = {412--422},
	Timestamp = {2007.07.05},
	Title = {Consistent Downscaling of Seismic Inversions to Cornerpoint Flow Models},
	Volume = {13},
	Year = {2008}}

@article{Kalla2009,
	Author = {S. Kalla and C. D. White and J. Gunning and M. E. Glinsky},
	Date-Added = {2010-01-27 08:28:34 -0600},
	Date-Modified = {2010-01-27 08:34:25 -0600},
	Journal = {SPE Journal},
	Number = {4},
	Pages = {746--758},
	Title = {Downscaling Multiple Seismic Inversion Constraints to Fine-Scale Flow Models},
	Volume = {14},
	Year = {2009}}

@article{Li2001,
	Author = {D. Li and B. Beckner and A. Kumar},
	Date-Added = {2010-01-27 08:23:37 -0600},
	Date-Modified = {2010-01-27 08:23:37 -0600},
	Journal = {SPE Reservoir Evaluation and Engineering},
	Number = {4},
	Pages = {297--307},
	Title = {A New Efficient Averaging Technique for Scaleup of Multimillion Cell Geologic Models},
	Volume = {4},
	Year = {2001}}

@article{Pruess2004,
	Author = {K. Pruess and J. Garc{\'{i}}a and T. Kovscek and C. Oldenburg and J. Rutqvist and C. Steefel and T. Xu.},
	Date-Added = {2010-01-27 08:09:08 -0600},
	Date-Modified = {2010-01-27 08:11:05 -0600},
	Journal = {Energy},
	Pages = {1431--1444},
	Title = {Code intercomparison builds confidence in numerical simulation models for geologic disposal of CO2},
	Volume = {29},
	Year = {2004}}

@article{Kushnir2010,
	Author = {R. Kushnir and A. Ullmann and A. Dayan},
	Date-Added = {2010-01-27 07:57:24 -0600},
	Date-Modified = {2010-01-27 08:00:14 -0600},
	Journal = {Transport in Porous Media},
	Keywords = {CAES},
	Number = {2},
	Pages = {219--240},
	Title = {Compressed Air Flow within Aquifer Reservoirs of {CAES} Plants},
	Volume = {81},
	Year = {2010}}

@article{vanLeeuwen2003,
	Author = {van Leeuwen, P. J.},
	Date-Added = {2010-01-26 19:16:45 -0600},
	Date-Modified = {2010-01-26 19:17:59 -0600},
	Journal = {Monthly Weather Review},
	Month = {September},
	Number = {9},
	Pages = {2071--2084},
	Title = {A Variance--Minimizing Filter for Large--Scale Applications},
	Volume = {131},
	Year = {2003}}

@article{Evensen2003,
	Author = {G. Evensen},
	Date-Added = {2010-01-26 19:03:25 -0600},
	Date-Modified = {2010-01-27 08:35:33 -0600},
	Journal = {Ocean Dynamics},
	Number = {4},
	Pages = {343--367},
	Title = {The Ensemble {K}alman Filter: theoretical formulation and practical implementation},
	Volume = {53},
	Year = {2003}}

@inproceedings{Li2007a,
	Address = {Houston, Texas},
	Author = {X. Li and C. D. White and Z. Lei and G. Allen},
	Booktitle = {SPE Digital Energy Conference and Exhibition},
	Date-Added = {2010-01-26 17:54:15 -0600},
	Date-Modified = {2010-01-27 08:36:07 -0600},
	Month = {11-12 April},
	Number = {106949-MS},
	Owner = {ceedave},
	Series = {SPE Paper},
	Timestamp = {2007.05.01},
	Title = {Beyond Queues: Using Grid Computing for Simulation Studies},
	Year = {2007}}

@article{Michalak2003,
	Author = {A. M. Michalak and P.K. Kitanidis},
	Date-Added = {2010-01-26 13:42:33 -0600},
	Date-Modified = {2010-01-26 13:42:43 -0600},
	Journal = {Water Resources Research},
	Number = {2},
	Page = {1033},
	Title = {A method for enforcing parameter nonnegativity in {B}ayesian inverse problems with an application to contaminant source identification},
	Volume = {39},
	Year = {2003}}


@article{Schlesinger1979,
	Abstract = {The standard set of terminology herein described was compiled by the SCS Technical Committee on Model Credibility as a report to the general membership.
},
	Author = {Schlessinger, S. and Crosbie, R.E. and Gagn{\'{e}}, R.E. and Innis, G.S. and Lalwani, C.S. and Loch, J. and Sylvester, R.J. and Wright, R.D. and Kheir, N. and Bartos, D.},
	Date-Added = {2010-01-26 13:38:39 -0600},
	Date-Modified = {2010-01-26 13:41:42 -0600},
	Doi = {10.1177/003754977903200304},
	Eprint = {http://sim.sagepub.com/cgi/reprint/32/3/103.pdf},
	Journal = {SIMULATION},
	Keywords = {verification validation calibration simulation},
	Number = {3},
	Pages = {103-104},
	Title = {{Terminology for model credibility}},
	Url = {http://sim.sagepub.com/cgi/content/abstract/32/3/103},
	Volume = {32},
	Year = {1979},
	Bdsk-Url-1 = {http://sim.sagepub.com/cgi/content/abstract/32/3/103},
	Bdsk-Url-2 = {http://dx.doi.org/10.1177/003754977903200304}}

@article{Oreskes1994,
	Author = {Oreskes, N. and Shrader-Frechette, K. and Belitz, K.},
	Date-Added = {2010-01-26 13:37:32 -0600},
	Date-Modified = {2010-01-26 13:37:45 -0600},
	Doi = {10.1126/science.263.5147.641},
	Journal = {Science},
	Keywords = {validation and earth sciences},
	Number = {5147},
	Pages = {641--646},
	Title = {Verification, Validation, and Confirmation of Numerical Models in the Earth Sciences},
	Volume = {263},
	Year = {1994},
	Bdsk-Url-1 = {http://dx.doi.org/10.1126/science.263.5147.641}}

@article{Pawar,
 Author = {Rajesh J. Pawar, Dongxiao Zhang, Bruce Stubbs and Henry R. Westrich},
 Title = {Preliminary Geologic Modeling and Flow Simulation Study of CO2 Sequestration in                           a Depleted Oil Reservoir},
 Year = {2001},
 Journal = {NETL 2001 Conference}
}

@article{Burger98,
 Author = {Gerrit Burgers, Petr Jan Van Leeuwen and Geir Evensen},
 Title = {Analysis Scheme in the Ensemble {K}alman Filter},
 Year = {1998},
 Journal = {Monthly Weather Review, American Meteorological Society},
 Volume = {126}
}

@article{Hout98,
 Author = {P.L. Houtekamer and Herschel L. Mitchell},
 Title = {Data Assimilation Using an Ensemble {K}alman Filter Technique},
 Journal = {Monthly Weather Review, American Meteorological Society},
 Volume = {126},
 Year = {1998}
}

@article{Hout99,
 Author = {Herschel L. Mitchell and  P.L. Houtekamer},
 Title = {An Adaptive Ensemble {K}alman Filter},
 Journal = {Monthly Weather Review, American Meteorological Society},
 Volume = {128},
 Year = {1999}
}

@article{Mitchell02,
 Author = {Herschel L. Mitchell, P.L. Houtekamer and Gerard Pellerin},
 Title = {Ensemble Size, Balance and Model-Error Representation in an Ensemble {K}alman Filter},
 Journal = {Monthly Weather Review, American Meteorological Society},
 Volume = {130},
 Year = {2002}
}

@article{JiaLi,
 Author = {Jia Li and Dongbin Xiu},
 Title = {On Numerical Properties of the Ensemble {K}alman Filter for Data Assimilation},
 Journal = {Computer Methods in Applied Mechanics and Engineering},
 Volume = {197},
 Year = {2008}
}

@article{Watanabe,
 Title = {A Hybrid Ensemble {K}alman Filter With Coarse Scale Constraint for Nonlinear Dynamics},
 Author = {Shingo Watanabe, Akhil Datta-Gupta  and Yalchin Efendiev},
 Journal = {SPE Annual Technical Conference and Exhibition},
 Year = {2009}
}

@article{IterativeEnKF,
 Title = {Iterative Ensemble {K}alman Filters for Data Assimilation},
 Author = {Gaoming Li and Albert Reynolds},
 Journal = {SPE Annual Technical Conference and Exhibition},
 Year = {2008}
}

@article{Zhang,
 Title = {History matching using a hierarchical stochastic model with the ensemble {K}alman filter: a field case study},
 Author = {Yanfen  Zhang and Dean Oliver},
 Journal = {SPE Reservoir Simulation Symposium},
 Year = {2009}
}

@article{TwoStage,
 Title = {A Two-Stage Ensemble {K}alman Filter for Smooth Data Assimilation},
 Author = {Craig Johns and Jan Mandel},
 Journal = {Environmental and Ecological Statistics},
 Year = {2007}
}


@book{OliverReynolds,
 Author = {Oliver, Dean S. Albert C. Reynolds and Ning Liu},
 Title ={Inverse Theory for Petroleum Reservoir Characterization and History Matching},
 Year={2008}, 
 Publisher={Cambridge University Press}
}

@book{DataAssim,
 Author = {Geir Evensen},
 Title = {Data Assimilation: The Ensemble {K}alman Filter},
 Year = {2006},
 ISBN = {354038300X},
 Publisher = {Springer-Verlag New York, Inc.},
 Address = {Secaucus, NJ, USA}
}


@article{Cloud1,
Author= {H. Kim, Y. Khamra, S. Jha and M. Parashar},
Title={Exploring Application and Infrastructure Adaptaion on Hybrid Grid-Cloud Infrastructure},
Year={2010},
Journal={ScienceCloud: Workshop on Scientific Cloud Computing, in conjunction with ACM HPDC-2010},
}

@article{Cloud2,
Author= {H. Kim, Y. Khamra, S. Jha and M. Parashar},
Title={Autonomic Approach to Integrated HPC Grid and Cloud Usage},
Year={2009},
Journal={IEEE Conference on eScience 2009, Oxford},
}


@Article{ding2006,
title="{Statistical and Bayesian approaches to RNA secondary structure prediction}",
author={Ding, Y.} ,
journal={RNA},
year={2006},
volume={12},
number={3},
pages={323-331},
keywords={},
doi={},
ISSN={}, }

@Article{onuchic1997,
title="{Theory of protein folding: The energy landscape perspective}",
author={Onuchic, J. N. and Wolynes, P. G.} ,
journal={Annu. Rev. Phys. Chem.},
year={1997},
volume={48},
number={},
pages={543-600},
keywords={},
doi={},
ISSN={}, }

@Article{ecmls10,
title="{Exploring the RNA folding energy landscape using scalable distributed cyberinfrastructure}",
author={Kim, J. and Huang, W. and Maddineni, S. and Aboul-ela, F. and Jha, S.} ,
journal={ACM HPDC 2010, Emerging Computational Methods for the Life Sciences},
year={2010},
volume={},
number={},
pages={},
keywords={},
doi={},
ISSN={}, }

@Article{cupal1997,
title="{Density of states, metastable states, and saddle points exploring the energy landscape of an RNA molecule}",
author={Cupal J. and Flamm, C. and Renner, A. and Stadler, P. F.} ,
journal={Proc. Int. Conf. Intell. Syst. Mol. Biol.},
year={1997},
volume={5},
number={},
pages={88-91},
keywords={},
doi={},
ISSN={}, }

@Article{kimpre2002,
title="{Random Energy Model for dynamics in supercooled liquids: N dependence}",
author={Keyes, T. and Chowdhary, J. and Kim, J.} ,
journal={Phys. Rev. E},
year={2002},
volume={66},
number={},
pages={051110},
keywords={},
doi={},
ISSN={}, }




@Article{kimjcp2004,
title="{On the mechanism of reorientational and structural relaxation in supercooled liquids: The role of border dynamics and cooperativity}",
author={Kim, J. and Keyes, T.} ,
journal={J. Chem. Phys.},
year={2004},
volume={121},
number={},
pages={4237},
keywords={},
doi={},
ISSN={}, }

@Article{kimjpcb2010,
title="{All-atom Molecular Dynamics Simulations of b-hairpins Stabilized by a Tight Turn: Pronounced Heterogeneous folding pathways}",
author={Kim, J. and Keiderling, T. A.} ,
journal={accepted in J. Phys. Chem. B},
year={2010},
volume={},
number={},
pages={},
keywords={},
doi={},
ISSN={}, }


@misc{jctc_cover, note ={Determination of Free Energy Profiles for the
                  Translocation of Polynucleotides through α-Hemolysin
                  Nanopores using Non-Equilibrium Molecular Dynamics
                  Simulations, Hugh S. C. Martin, Shantenu Jha, Stefan
                  Howorka, Peter V. Coveney Journal of Chemical Theory
                  and Computation 2009 5 (8), 2135-2148 ({\it Selected as cover article for Journal's Quarterly issue})}}

@misc{dpa-grid09, note = {{\it S. Jha$^*$, D. S. Katz, M. Parashar, O. Rana, and J. Weissman,}
  Critical Perspectives on Large-Scale Distributed Applications and
  Production Grids, (Best Paper Award Winner), Proceedings of the
  10th IEEE/ACM International Conference on Grid Computing (Grid
  2009), \url{http://grid2009.org/bestpaper}}}


@misc{saga-ccgrid10, note = {A Luckow, L Lacinski, S Jha{$^*$},``SAGA
                  BigJob: An Extensible and Interoperable Pilot-Job
                  Abstraction for Distributed Applications and
                  Systems'', accepted for IEEE CCGrid 2010}}

@misc{coupled_simulation_fw, note = {Efficient Runtime Environment for
                  Coupled Multi-Physics Simulations: Dynamic Resource
                  Alloca\ tion and Load-Balancing, S-H Ko, N. Kim,
                  J. Kim, A. Thota \& S. Jha$^*$, Accepted for IEEE
                  CCGrid 2010 \url{http://saga.cct.lsu.e\
                  du/publications/papers/confpapers/Efficient-Runtime-Environment-for-Coupled-Multi-Physics-Simulations/coupledsimulations/at_downl\
                  oad/file}}}

@misc{DEISA-PRACE, note = {\url{http://www.prace-project.edu}}}