/home/merzky/saga/radical.wp/publications/radical_rutgers.bib