../Compiled_bibentries/literatur.bib