../Compiled_bibentries/saga-related.bib