@book{519301,
 author = {Andrews, Greg R},
 title = {Foundations of Parallel and Distributed Programming},
 year = {1999},
 isbn = {0201357526},
 publisher = {Addison-Wesley Longman Publishing Co., Inc.},
 address = {Boston, MA, USA},
 }