@UNPUBLISHED{btxhak,
   author = "Oren Patashnik",
   title = "Designing BibTeX Styles",
   note = "The part of BibTeX's documentation
                            that's not meant for general users",
   month = jan,
   year = 1988
   }

