@misc{
web:amber,
author="Case, D.A and Darden, T.A. and Cheatham, III, T.E. and Simmerling, C.L. and Wang, J. and Duke, R.E. and Luo, R. and Walker, R.C. and Zhang, W. and Merz, K.M. and Roberts, B.P. and Hayik, S. and Roitberg, A. and Seabra, G. and Swails, J. and Gotz, A.W. and Kolossvary, I. and Wong, K.F. and Paesani, F. and Vanicek, J. and Wolf, R.M. and Liu, J. and Wu, X. and Brozell, S.R. and Steinbrecher, T. and Gohlke, H. and Cai, Q. and Ye, X. and Hsieh, M.-J. and Cui, G. and Roe, D.R. and Mathews, D.H. and Seetin, M.G. and Salomon-Ferrer, R. and Sagui, C. and Babin, V. and Luchko, T. and Guasrov, S. and Kovalenko, A. and Kollman, P.A.",
title="Assisted Model Building with Energy Refinement (AMBER)",
month = "April",
year={2012},
url="http://ambermd.org/"
}
@misc{
web:ecssxsede,
author="XSEDE",
title = "Extended Collaborative Support (ECS)",
year = {2011}
url="https://www.xsede.org/ecss"
}