@inproceedings{ C++SAGA, 
author = {Kaiser, Hartmut and Merzky, Andre and Hirmer, Stephen and Allen, Gabrielle}, 
title = {{The SAGA C++ Reference Implementation}},
booktitle ={Object-Oriented Programming, Systems, Languages and Applications (OOPSLA'06) - Library-Centric Software Design (LCSD'06)}, 
address = {Portland, OR}, 
month = {October, 22-26}, 
url = {http://saga.cct.lsu.edu/publications/saga_paper-the_saga_cpp_reference_implementation_oopsla06.pdf}, 
year = {2006},
}

@inproceedings{JavaGAT,
 author = {Rob V. van Nieuwpoort and Thilo Kielmann and Henri E. Bal},
 title = {User-friendly and reliable grid computing based on imperfect middleware},
 booktitle = {SC '07: Proceedings of the 2007 ACM/IEEE conference on Supercomputing},
 year = {2007},
 isbn = {978-1-59593-764-3},
 pages = {1--11},
 location = {Reno, Nevada},
 doi = {http://doi.acm.org/10.1145/1362622.1362668},
 publisher = {ACM},
 address = {New York, NY, USA},
 }

@article{ APIDesign,
author = {Jeffrey Stylos and Brad Myers},
title = {Mapping the Space of API Design Decisions},
journal ={Visual Languages - Human Centric Computing},
volume = {0},
year = {2007},
isbn = {},
pages = {50-60},
doi = {http://doi.ieeecomputersociety.org/10.1109/VLHCC.2007.44},
publisher = {IEEE Computer Society},
address = {Los Alamitos, CA, USA},
}

@manual{CC-IN2P3,
 title = { JSAGA, a Java implementation of SAGA },
 author = {le Centre de Calcul de l’Institut National de Physique Nucléaire et de Physique des Particules (CC-IN2P3)},
 note = { http://grid.in2p3.fr/jsaga} 
}
@manual{ProgLang,
 author = {TIOBE}
 title = {Programming Community Index},
 note = {http://www.tiobe.com/index.php/content/paperinfo/tpci/index.html}
}

@manual{OMII-UK,
 author = {OMII-UK},
 title ={http://www.omii.ac.uk/}
}

@article{ SAGA,
author = {Tom Goodale and Shantenu Jha and Hartmut Kaiser and Thilo Kielmann and Pascal Kleijer and Gregor von Laszewski and Craig Lee and Andre Merzky and Hrabri Rajic and John Shalf}, 
title = {SAGA: A Simple API for Grid Applications},
booktitle ={Computational Methods in Science and Technology}, 
volume = {12},
number = {1},
pages = {7-20},
year = {2006}
}

@manual{ UseCases,
 author = {Shantenu Jha and Andre Merzky},
 title = {A Collection of Use Cases for a Simple API for Grid Applications.},
 year = {2006},
 note = {http://www.ogf.org/documents/GFD.70.pdf}
}

@manual{ ReqAnalysis,
 author = {Shantenu Jha and Andre Merzky},
 title = {A Requirements Analysis for a Simple API for Grid Applications},
 year = {2006},
 note = {http://www.ogf.org/documents/GFD.71.pdf}
}

@manual{GFD.90,
 title = {A Simple API for Grid Applications (SAGA)},
 author = {Tom Goodale and Shantenu Jha and Hartmut Kaiser and Thilo Kielmann and Pascal Kleijer and Andre Merzky and John Shalf and Christopher Smith},
 year = {2008},
 note = {http://www.ogf.org/documents/GFD.90.pdf}
}

@article{ CoG,
author = {Gregor von Laszewski and Ian Foster and Jarek Gawor and Peter Lane},
title = {A Java commodity grid kit},
booktitle = {Concurrency and Computation: Practice and Experience},
volume = {13},
number = {8-9},
pages = {645-662},
year = {2001},
publisher = {John Wiley & Sons, Ltd.},
address = {Mathematics and Computer Science Division, Argonne National Laboratory, Argonne, IL 60439, U.S.A}
doi = {http://dx.doi.org/10.1002/cpe.572},
ON: 1532-0634
PN: 1532-0626
}

@article{ GAT,
title = {The Grid Application Toolkit: Toward Generic and Easy Application Programming Interfaces for the Grid},
author = {G. Allen and K. Davis and T. Goodale and A. Hutanu and H. Kaiser and T. Kielmann and A. Merzky and R. van Nieuwpoort and A. Reinefeld and F. Schintke and T. Schott and E. Seidel and B. Ullmer}, 
booktitle = {Proceedings of the IEEE},
year = {2005},
volume = {93},
number = {3},
pages = {534-550},
doi = {10.1109/JPROC.2004.842755}
}
