%
% Conference papers
%
@inproceedings{ mapreduce,
    author = "Jeffrey Dean and Sanjay Ghemawat",
    title = "Map{R}educe: Simplified Data Processing on Large Clusters",
    year = {2004},
    location = {San Francisco, CA, USA}
}

@inproceedings{ gfs,
    author = {Sanjay Ghemawat and Howard Gobioff and Shun-Tak Leung},
    title = {The {G}oogle file system},
    booktitle = {SOSP '03: Proceedings of the nineteenth ACM symposium on Operating systems principles},
    year = {2003},
    isbn = {1-58113-757-5},
    pages = {29--43},
    location = {Bolton Landing, NY, USA},
    doi = {http://doi.acm.org/10.1145/945445.945450},
    publisher = {ACM Press},
    address = {New York, NY, USA},
}

%
% Links
%
@misc{ sector,
  howpublished = {\url{http://sector.sourceforge.net/http://code.google.com/p/protobuf/}},
  title = "Sector/Sphere: Support High Performance Distributed Data Storage and Processing"
}

@misc{ hadoop,
  howpublished = {\url{http://lucene.apache.org/hadoop/}},
  title = "Apache {H}adoop: a distributed computing platform"
}

@misc{ hdfs,
  howpublished = {\url{http://lucene.apache.org/hadoop/hdfs_design.html}},
  title = "The {H}adoop {D}istributed {F}ile {S}ystem: {A}rchitecture and {D}esign"
}

@misc{ kfs,
  howpublished = {\url{http://kosmosfs.sourceforge.net/}},
  title = "Kosmos File System"
}

@misc{ protobuf,
  howpublished = {\url{http://http://code.google.com/p/protobuf/}},
  title = "Google Protocol Buffers"
}
