@inproceedings{saga_gin,
	address = {Washington, DC, USA},
	author = {Shantenu Jha and Hartmut Kaiser and Andre Merzky and Ole Weidner},
	booktitle = {E-SCIENCE '07: Proceedings of the Third IEEE International Conference on e-Science and Grid Computing (e-Science 2007)},
	date-Added = {2008-02-16 18:54:59 -0600},
	date-Modified = {2008-02-16 18:54:59 -0600},
	doi = {\url{http://dx.doi.org/10.1109/E-SCIENCE.2007.39}},
	isbn = {0-7695-3064-8},
	pages = {584--591},
	publisher = {IEEE Computer Society},
	title ={{Grid Interoperability at the Application Level Using SAGA}},
	year = {2007},
	bdsk-url-1 = {\url{http://dx.doi.org/10.1109/E-SCIENCE.2007.39}}
}
	

 @Article{sagastuff,
        author = {Goodale, Tom and Jha, Shantenu and Kaiser, Harmut and Kielmann, Thilo and K leijer, Pascal and von Laszewski, Gregor and Lee, Craig and Merzky, Andre and Rajic, Hrabri and Shalf, John}, 
        date-Added = {2007-12-08 18:56:12 +0100},
        date-Modified = {2007-12-08 18:56:12 +0100}, 
        journal = {Computational Methods in Science and Technology}, 
        number = {1}, 
        pages = {7-20}, 
        title = {{SAGA: A Simple API for Grid applications, High-Level Application Programming on the Grid}},
        url = {\url{http://saga.cct.lsu.edu/publications/saga_paper-a_simple_api_for_grid_applications_sc05.pdf}}, 
        volume = {12}, 
        year = {2006}, 
        bdsk-url-1 = {\url{http://saga.cct.lsu.edu/publications/saga_paper-a_simple_api_for_grid_applications_sc05.pdf}}
}

 @documentseries{saga-req,
        author = {Andre Merzky and Shantenu Jha},
        date-Added = {2008-02-24 20:36:03 -0600},
        date-Modified = {2008-02-24 20:36:03 -0600},
        published = {Grid Forum Document GFD.71},
        note = {Global Grid Forum},
        title = {{A Requirements Analysis for a Simple API for Grid Applications}},
        year = {2006}
}

@misc{saga-uc,
        author = {Andre Merzky and Shantenu Jha},
        date-Added = {2008-02-24 20:35:56 -0600},
        date-Modified = {2008-02-24 20:35:56 -0600},
        published = {Grid Forum Document GFD.70},
        note = {Global Grid Forum},
        title = {{A Collection of Use Cases for a Simple API for Grid Applications}},
        year = {2006}
}
        

@inproceedings{Kaiser:2006qp,
	address = {Portland, OR, USA},
	author = {Kaiser, H. and Merzky, A. and Hirmer, S. and Allen, G.},
	booktitle = {{Object-Oriented Programming, Systems, Languages and Applications (OOPSLA'06) - Library-Centric Software Design (LCSD'06)}},
	date-Added = {2008-03-23 21:22:46 +0100},
	date-Modified = {2008-05-25 13:49:44 +0200},
	published = {\url{http://saga.cct.lsu.edu/publications/saga_paper-the_saga_cpp_reference_implementation_oopsla06.pdf}},
	month = {October, 22-26},
	title = {{The SAGA C++ Reference Implementation}},
	year = {2006}
}
        
@inproceedings{saga_escience07,
        author = {Shantenu Jha and Hartmut Kaiser and Yaakoub El Khamra and Ole Weidner},
        booktitle = {Accepted for 3rd IEEE Conference on eScience2007 and Grid Computing, Bangalore, India.},
        date-Added = {2007-12-08 18:56:12 +0100},
        date-Modified = {2007-12-08 18:56:12 +0100},
        title = {{Design and Implementation of Network Performance Aware Applications Using SAGA and Cactus}},
        url = {http://saga.cct.lsu.edu/publications/saga_cactus_escience.pdf},
        bdsk-url-1 = {http://saga.cct.lsu.edu/publications/saga_cactus_escience.pdf},
        year = {2007}
}        
        
@inproceedings{saga_gin,
	address = {Washington, DC, USA},
	author = {Shantenu Jha and Hartmut Kaiser and Andre Merzky and Ole Weidner},
	booktitle = {E-SCIENCE '07: Proceedings of the Third IEEE International Conference on e-Science and Grid Computing (e-Science 2007)},
	date-Added = {2008-02-16 18:54:59 -0600},
	date-Modified = {2008-02-16 18:54:59 -0600},
	doi = {http://dx.doi.org/10.1109/E-SCIENCE.2007.39},
	isbn = {0-7695-3064-8},
	pages = {584--591},
	publisher = {IEEE Computer Society},
	title = {{Grid Interoperability at the Application Level Using SAGA}},
	bdsk-url-1 = {http://dx.doi.org/10.1109/E-SCIENCE.2007.39},
	year = {2007}
}        
        
@inproceedings{escience07,
 	author = {Shantenu Jha and Hartmut Kaiser and Yaakoub El Khamra and Ole Weidner},
 	title = {{Design and Implementation of Network Performance Aware Applications Using SAGA and Cactus}},
 	booktitle = {E-SCIENCE '07: Proceedings of the Third IEEE International Conference on e-Science and Grid Computing},
 	isbn = {0-7695-3064-8},
 	pages = {143--150},
 	doi = {http://dx.doi.org/10.1109/E-SCIENCE.2007.28},
 	publisher = {IEEE Computer Society},
 	address = {Washington, DC, USA},
	year = {2007}
 }

@talkpaper{saga_condor,
   	author = {Shantenu Jha},
   	title = {{Being Optimally Lazy: The case for integrating SAGA with Condor}},
   	keywords = {Condor Week}, 
   	url = {http://www.cs.wisc.edu/condor/CondorWeek2008/condor/presentations/jha/saga.pdf},
   	year = {2008}
   
}
           	 
@inproceedings{Luckow:2008la,
	address = {Indianapolis, IN, USA},
	author = {A. Luckow and S. Jha and J. Kim and A. Merzky and B. Schnor},
	booktitle = {4th IEEE International Conference on e-Science},
	date-Added = {2008-11-09 15:25:20 +0100},
	date-Modified = {2008-11-23 19:13:58 +0100},
	title = {{Distributed Replica-Exchange Simulations on Production Environments using SAGA and Migol}},
	year = {2008}
}

@document{saga_gfd90,                                
	author={Tom Goodale and Shantenu Jha and Hartmut Kaiser and Thilo Kielmann and Pascal Kleijer and Andre Merzky and John Shalf and Christopher Smith},
	title={{A Simple API for Grid Applications (SAGA)}},
	published = {OGF Document Series 90},
	url = {http://www.ogf.org/documents/GFD.90.pdf},
	year={2008}
}


@link{saga_url, 
	author={SAGA}, 
	url = {http://saga.cct.lsu.edu}, 
	year={2008}
}

@link{saga_condor, 
	author={SAGA-Condor}, 
	url = {http://www.cs.wisc.edu/condor/CondorWeek2008/condor_presentations/jha_saga.pdf}, 
	year={2008}
}
	
@inproceedings{saga_grid_cloud_interop,
	author={Merzky, A. and Stamou, K. and Jha, S.},
	booktitle={Grid and Pervasive Computing Conference, 2009. GPC '09. Workshops at the},
	title={{Application Level Interoperability between Clouds and Grids}},
	month={May},
	volume={},
	number={},
	pages={143-150},
	keywords={grid computing, open systems,SAGA-MapReduce, application level interoperability, distributed applications, distributed infrastructure, high-level programming interface},
	doi={10.1109/GPC.2009.17},
	ISSN={}, 
	year={2009}
}

@inproceedings{saga_data_intensive_abstractions,
	author={Miceli, C. and Miceli, M. and Jha, S. and Kaiser, H. and Merzky, A.},
	booktitle={Cluster Computing and the Grid, 2009. CCGRID '09. 9th IEEE/ACM International Symposium on},
	title={{Programming Abstractions for Data Intensive Computing on Clouds and Grids}},
	month={May},
	volume={},
	number={},
	pages={478-483},
	keywords={application program interfaces, grid computing, parallel programmingMapReduce data-parallel programming model, SAGA programming interface, cloud computing, data intensive computing, data network transfer, distributed application, grid computing, programming abstraction},
	doi={10.1109/CCGRID.2009.87},
	ISSN={}, 
	year={2009}
}
 
@conference{sagamontage09, 
 	author = {A. Merzky, K. Stamou, S. Jha and D. S. Katz}, 
 	title = {A Fresh Perspective on Developing and Executing DAG-Based  Distributed Applications: A Case-Study of SAGA-based Montage},
 	publisher = {IEEE Conference on eScience 2009, Oxford},
 	url = {http://www.cct.lsu.edu/~sjha/dpa_publications/saga_montage_G09.pdf},
	year = {2009}
}
  
@conference{dpagrid2009, 
  	title = {Critical Perspectives on Large-Scale Distributed Applications and Production Grids}, 
	publication = {Proceedings of the 10th IEEE/ACM International Conference on Grid Computing (GRID09)}, 
	link = {http://www.cct.lsu.edu/~sjha/dpa_publications/dpa_grid2009.pdf},
	year = {2009} 
}
                  
 
@inproceedings{saga_bigjob_condor_cloud,
	author={A. Luckow and L. Lacinski and S. Jha},
	title={{SAGA BigJob: An Extensible and Interoperable Pilot-Job Abstraction for Distributed Applications and Systems}},
	booktitle={The 10th IEEE/ACM International Symposium on Cluster, Cloud and Grid Computing},
	volume={},
	number={},
	keywords={grid computing, application level interoperability, distributed applications, distributed infrastructure, high-level programming interface},
	ISSN={}, 
	year={2010}
}


@competitionatgoogle{saga_mapreduce, 
	title = {{Exposing the Power of Google through SAGA}}, 
	keyword = {Google Summer of Code}, 
	url = {http://www.omii.ac.uk/wiki/MPGoogleSAGA}
}


@link{saga_condor_url, 
	author={SAGA/Condor}, 
	url = {http://fortytwo.cct.lsu.edu:8000/SAGA/wiki/CondorAdaptor}
}

@link{saga_mapreduce, 
	title = {{Exposing the Power of Google through SAGA}}, 
	keywords = {Google Summer of Code}, 
	url = {http://www.omii.ac.uk/wiki/MPGoogleSAGA}
}

                 
@link{remd-manager_url,
	url={https://svn.cct.lsu.edu/repos/saga-projects/applications/REMDgManager/src/main.py}


@link{gridrpc_url, 
 	url = {http://forge.ogf.org/sf/projects/gridrpc-wg}
}


@conference{saga_tg08, 
	title = {{Developing Large-Scale Adaptive Scientific Applications with Hard to Predict Runtime Resource Requirements}}, 
	keywords = {Proceedings of TeraGrid08}, 
	url = {http://tinyurl.com/5du32j}
}

@conference{repex_ptrsa, 
	title = {{Adaptive Distributed Replica Exchange}}, 
	publisher =  {Phil. Transactions of the Royal Soceity London A}
}

@link{jsaga,
	title={{JSaga}},
	link = {\url{http://grid.in2p3.fr/jsaga/index.html}}
}


@link{saga_url, 
	url={http://saga.cct.lsu.edu},
}

@link{glite, 
	url={http://glite.web.cern.ch/glite/}
}

@link{ogf_web,
        author = {Open Grid Forum},
        url  = {http://www.ogf.org/}
}


@link{saga_core_long,
	author = {{Tom Goodale, Shantenu Jha, Hartmut Kaiser, Thilo Kielmann, Pascal Kleijer, Andre Merzky, John Shalf, Christopher Smith}},
	url = {http://www.ogf.org/documents/GFD.90.pdf}
}

@link{saga-tools,
	url = {\url{http://saga.cct.lsu.edu/projects/tools-and-infrastructure}}
}




