@article{10.1109/MIC.2011.64,
	Address = {Los Alamitos, CA, USA},
	Author = {Ian Foster},
	Doi = {http://doi.ieeecomputersociety.org/10.1109/MIC.2011.64},
	Issn = {1089-7801},
	Journal = {IEEE Internet Computing},
	Pages = {70-73},
	Publisher = {IEEE Computer Society},
	Title = {Globus Online: Accelerating and Democratizing Science through Cloud-Based Services},
	Volume = {15},
	Year = {2011},
	Bdsk-Url-1 = {http://doi.ieeecomputersociety.org/10.1109/MIC.2011.64}}
	

@book{Rajasekar:2010:IPI:1855046,
	 author = {Rajasekar, Arcot and Moore, Reagan and Hou, Chien-yi and Lee, Christopher A. and Marciano, Richard and de Torcy, Antoine and Wan, Michael and Schroeder, Wayne and Chen, Sheau-Yen and Gilbert, Lucas and Tooby, Paul and Zhu, Bing},
	 title = {iRODS Primer: integrated Rule-Oriented Data System},
	 year = {2010},
	 isbn = {1608453332, 9781608453337},
	 publisher = {Morgan and Claypool Publishers},
}
	
@inproceedings{Fedak:2008:BPE:1413370.1413416,
	 author = {Fedak, Gilles and He, Haiwu and Cappello, Franck},
	 title = {BitDew: a programmable environment for large-scale data management and distribution},
	 booktitle = {Proceedings of the 2008 ACM/IEEE conference on Supercomputing},
	 series = {SC '08},
	 year = {2008},
	 isbn = {978-1-4244-2835-9},
	 location = {Austin, Texas},
	 pages = {45:1--45:12},
	 articleno = {45},
	 numpages = {12},
	 url = {http://dl.acm.org/citation.cfm?id=1413370.1413416},
	 acmid = {1413416},
	 publisher = {IEEE Press},
	 address = {Piscataway, NJ, USA},
} 
