% This file was created with JabRef 2.6.
% Encoding: UTF-8

@ARTICLE{1239909,
  author = {Casanova, Henri and Obertelli, Graziano and Berman, Francine and
	Wolski, Richard},
  title = {The AppLeS Parameter Sweep Template: User-level middleware for the
	Grid},
  journal = {Sci. Program.},
  year = {2000},
  volume = {8},
  pages = {111--126},
  number = {3},
  address = {Amsterdam, The Netherlands, The Netherlands},
  date-added = {2009-11-13 19:22:24 +0100},
  date-modified = {2009-11-14 22:37:24 +0100},
  issn = {1058-9244},
  publisher = {IOS Press}
}

@INPROCEEDINGS{mapreduce,
  author = {Jeffrey Dean and Sanjay Ghemawat},
  title = {{MapReduce: Simplified Data Processing on Large Clusters}},
  booktitle = {OSDI'04: Proceedings of the 6th conference on Symposium on Opearting
	Sys tems Design \& Implementation},
  year = {2004},
  pages = {137--150},
  address = {Berkeley, CA, USA},
  publisher = {USENIX Association},
  date-added = {2008-02-23 20:47:01 -0600},
  date-modified = {2008-05-12 23:43:10 +0200},
  location = {San Francisco, CA}
}

@MISC{DRMAA_url,
  author = {{Distributed Resource Management Application API}},
  note = {{http://drmaa.org}}
}

@PHDTHESIS{REST_Fielding,
  author = {Thomas Roy Fielding},
  title = {Architectural Styles and the Design of Network-based Software Architectures},
  school = {University of California, Irvine},
  year = {2000},
  owner = {tmetsch},
  timestamp = {2010.12.07}
}

@ARTICLE{sagastuff,
  author = {Goodale, Tom and Jha, Shantenu and Kaiser, Harmut and Kielmann, Thilo
	and K leijer, Pascal and von Laszewski, Gregor and Lee, Craig and
	Merzky, Andre and Rajic, Hrabri a nd Shalf, John},
  title = {{SAGA: A Simple API for Grid Applications, High-Level Application
	Programmin g on the Grid}},
  journal = {Computational Methods in Science and Technology},
  year = {2006},
  volume = {12},
  pages = {7-20},
  number = {1},
  bdsk-url-1 = {http://saga.cct.lsu.edu/publications/saga_paper-a_simple_api_for_grid_a
	pplications_sc05.pdf},
  date-added = {2007-12-08 18:56:12 +0100},
  date-modified = {2007-12-08 18:56:12 +0100},
  url = {http://saga.cct.lsu.edu/publications/saga_paper-a_simple_api_for_grid_applicat ions_sc05.pdf}
}

@MISC{saga_gfd90,
  author = {Tom Goodale and Shantenu Jha and Hartmut Kaiser and Thilo Kielmann
	and Pascal Kleijer and Andre Merzky and John Shalf and Christopher
	Smith},
  title = {{A Simple API for Grid Applications (SAGA)}},
  howpublished = {OGF Document Series 90, http://www.ogf.org/documents/GFD.90.pdf}
}

@INPROCEEDINGS{escience07,
  author = {Shantenu Jha and Hartmut Kaiser and Yaakoub El Khamra and Ole Weidner},
  title = {{Design and Implementation of Network Performance Aware Applications
	Using SAGA and Cactus}},
  booktitle = {E-SCIENCE '07: Proceedings of the Third IEEE International Conference
	on e-Science and Grid Computing},
  year = {2007},
  pages = {143--150},
  doi = {http://dx.doi.org/10.1109/E-SCIENCE.2007.28},
  isbn = {0-7695-3064-8},
  optaddress = {Washington, DC, USA},
  optpublisher = {IEEE Computer Society}
}

@INPROCEEDINGS{saga_gin,
  author = {Shantenu Jha and Hartmut Kaiser and Andre Merzky and Ole Weidner},
  title = {Grid Interoperability at the Application Level Using SAGA},
  booktitle = {E-SCIENCE '07: Proceedings of the Third IEEE International Conference
	on e-Science and Grid Computing (e-Science 2007)},
  year = {2007},
  pages = {584--591},
  address = {Washington, DC, USA},
  publisher = {IEEE Computer Society},
  bdsk-url-1 = {http://dx.doi.org/10.1109/E-SCIENCE.2007.39},
  date-added = {2008-02-16 18:54:59 -0600},
  date-modified = {2008-02-16 18:54:59 -0600},
  doi = {http://dx.doi.org/10.1109/E-SCIENCE.2007.39},
  isbn = {0-7695-3064-8}
}

@INPROCEEDINGS{saga_bigjob_condor_cloud,
  author = {A. Luckow and L. Lacinski and S. Jha},
  title = {SAGA BigJob: An Extensible and Interoperable Pilot-Job Abstraction
	for Distributed Applications and Systems},
  booktitle = {The 10th IEEE/ACM International Symposium on Cluster, Cloud and Grid
	Computing},
  year = {2010},
  keywords = {grid computing, application level interoperability, distributed applications,
	distributed infrastructure, high-level programming interface}
}

@MISC{saga-req,
  author = {Andre Merzky and Shantenu Jha},
  title = {{A Requirements Analysis for a Simple API for Grid Applica tions}},
  howpublished = {Grid Forum Document GFD.71},
  year = {2006},
  note = {Global Grid Forum},
  date-added = {2008-02-24 20:36:03 -0600},
  date-modified = {2008-02-24 20:36:03 -0600}
}

@MISC{saga-uc,
  author = {Andre Merzky and Shantenu Jha},
  title = {{A Collection of Use Cases for a Simple API for Grid Appli cations}},
  howpublished = {Grid Forum Document GFD.70},
  year = {2006},
  note = {Global Grid Forum},
  date-added = {2008-02-24 20:35:56 -0600},
  date-modified = {2008-02-24 20:35:56 -0600}
}

@INPROCEEDINGS{saga_grid_cloud_interop,
  author = {Merzky, A. and Stamou, K. and Jha, S.},
  title = {Application Level Interoperability between Clouds and Grids},
  booktitle = {Grid and Pervasive Computing Conference, 2009. GPC '09. Workshops
	at the},
  year = {2009},
  pages = {143-150},
  month = {May},
  doi = {10.1109/GPC.2009.17},
  keywords = {grid computing, open systems,SAGA-MapReduce, application level interoperability,
	distributed applications, distributed infrastructure, high-level
	programming interface}
}

@MISC{ogf_web,
  author = {{Open Grid Forum}},
  url = {http://www.ogf.org/}
}

@MISC{novelsubmissionmode,
  author = {{P. Chakraborty and S. Jha and D. Katz}},
  title = {Novel Submission Modes of Tightly-coupled Jobs Across Distributed
	Resources}
}

@BOOK{RR2007,
  title = {RESTful Web Services},
  publisher = {O'Reilly Media},
  year = {2007},
  author = {Richardson, Leonard and Ruby, Sam},
  address = {Sebastopol (CA)},
  month = {May},
  date-modified = {2010-11-10 11:37:49 +0100}
}

@MISC{saga_condor,
  author = {{Shantenu Jha}},
  optnote = {\url{http://www.cs.wisc.edu/condor/CondorWeek2008/condor_presentations/jha_saga.pdf}},
  opttitle = {{Being Optimally Lazy: The case for integrating SAGA with Condor,
	Talk given at Condor Week 2008}},
  opturl = {http://www.cs.wisc.edu/condor/CondorWeek2008/condor\_presentations/jha\_saga.pdf}
}

@MISC{saga_core_long,
  author = {{Tom Goodale, Shantenu Jha, Hartmut Kaiser, Thilo Kielmann, Pascal
	Kleijer, Andre Merzky, John Shalf, Christopher Smith}},
  url = {http://www.ogf.org/documents/GFD.90.pdf}
}

@MISC{allpairs,
  note = {All-Pairs: An Abstraction for Data Intensive Cloud Computing, Christopher
	Moretti, Jared Bulosan, Douglas Thain, and Patrick Flynn, IEEE International
	Parallel and Distributed Processing Symposium (IPDPS), April 2008.}
}

@MISC{ccgrid10,
  note = {A Luckow, L Lacinski, S Jha{$^*$},``SAGA BigJob: An Extensible and
	Interoperable Pilot-Job Abstraction for Distributed Applications
	and Systems'', accepted for IEEE CCGrid 2010}
}

@MISC{cloudcom10,
  note = {A Luckow and S. Jha{$^*$}, ``Astractions for Loosely-Coupled and
	Ensemble-based Simulations on Microsoft Azure'', Accepted for IEEE
	CloudCom (Dec 2010)}
}

@MISC{dpa-paper,
  note = {S. Jha et al., {\em Programming Abstractions for Large-scale Distributed
	Application s}, to be submitted to ACM Computing Surveys; draft at
	\url{http://www.cct.lsu.edu/~sjha/publications/dpa_surveypaper.pdf}}
}

@MISC{glite,
  note = {{http://glite.web.cern.ch/glite/}}
}

@MISC{gridrpc_url,
  note = {{http://forge.ogf.org/sf/projects/gridrpc-wg}}
}

@MISC{mandelbrot_url,
  note = {{http://cyder.cct.lsu.edu/saga-interop/mandelbrot/demo/today/last/}}
}

@MISC{remd-manager_url,
  note = {https://svn.cct.lsu.edu/repos/saga-projects/applications/REMDgManager/src/main.py}
}

@MISC{repex_ptrsa,
  note = {Adaptive Distributed Replica Exchange, {\it Accepted for Phil. Transactions
	of the Royal Soceity London A}}
}

@MISC{saga_condor_url,
  note = {{http://fortytwo.cct.lsu.edu:8000/SAGA/wiki/CondorAdaptor}}
}

@MISC{saga_mapreduce,
  note = {Exposing the Power of Google through SAGA, {\it Google Summer of
	Code} http://www.omii.ac.uk/wiki/MPGoogleSAGA}
}

