%one
@Link{saga-home,
  URL =          "http://saga.cct.lsu.edu/",
}

%two
@Link{saga-tools,
  URL =          "http://saga.cct.lsu.edu/projects/tools-and-infrastructure",
}

