@misc{cactus_web,
        author = {{Cactus Framework}},
        url  = {{http://www.cactuscode.org}}
}

@misc{google_maps,
        author = {{Google Maps API}},
        note  = {{http://code.google.com/apis/maps/}}
}

@inproceedings{Cactus_Kamil06a,
	keyword = {performance, general},
	author = {{S. Kamil et al}},
	title = {{Reconfigurable Hybrid Interconnection for Static and DynamicScientific Applications}},
	booktitle = {International Conference for High PerformanceComputing, Networking, Storage and Analysis},
	address = {Tampa, FL},
	year = {2006},
	urlpdf = {http://www.cactuscode.org/Articles/Cactus_Kamil06a.pre.pdf},
}

@Article{AzizSettari,
      keyword = {Petroleum Reservoir Simulation},
      author = {Aziz & Settari},
      title = {Petroleum Reservoir Simulation},
      year = {1979},
}

@Misc{PETSc,
    Author = "Satish Balay and Kris Buschelman and William D. Gropp and Dinesh Kaushik and Matthew G. Knepley and Lois Curfman McInnes and Barry F. Smith and Hong Zhang",
   Title      = "{PETSc} {W}eb page",
   Note     = "http://www.mcs.anl.gov/petsc",
   Year     = "2001",
}

@Misc{Cobalt,
   url = {http://www.ncsa.uiuc.edu/UserInfo/Resources/Hardware/SGIAltix/},
}

@Misc{SDSC,
   url = {http://www.sdsc.edu/us/resources/ia64/},
}

@Misc{QB,
   url = {http://www.hpc.lsu.edu/systems/system.php?system=QueenBee},
}

@misc{machinesused, author = {{Machines: }}, note
={http://www.ncsa.uiuc.edu/UserInfo/Resources/Hardware/SGIAltix/,
http://www.sdsc.edu/us/resources/ia64/,
http://www.hpc.lsu.edu/systems/system.php?system=QueenBee}, }


@Misc{bqp_url1,
   url = {http://www.sdsc.edu/us/tools/bqp/},
}

@Misc{realitygrid,
   url = {http://www.realitygrid.org/},
}

@Misc{cog,
   url = {http://wiki.cogkit.org/index.php/Main_Page},
}

@Misc{teragridfuture,
   url = {http://www.teragridfuture.org/ , http://www.teragridfuture.org/positionpapers},
}

@Article{gat,
title={The Grid Application Toolkit: Toward Generic and Easy Application Programming Interfaces for the Grid},
author={Allen, G. and Davis, K. and Goodale, T. and Hutanu, A. and Kaiser, H. and Kielmann, T. and Merzky, A. and van Nieuwpoort, R. and Reinefeld, A. and Schintke, F. and Schott, T. and Seidel, E. and Ullmer, B.},
journal={Proceedings of the IEEE},
year={March 2005},
volume={93},
number={3},
pages={534-550},
keywords={grid computing, middleware, programming environments, public domain software, software architecture, software toolsGrid application toolkit, Grid aware applications, Grid infrastructure, Grid middleware services, Grid programming interfaces, Grid technology, GridLab high level services, GridLab software architecture, environment specific adaptors, high level application programming toolkit, open source software},
doi={10.1109/JPROC.2004.842755},
ISSN={0018-9219}, }



@Article{Thompson,
title={Molecular Dynamics Continuum Hybrid Computations: a Tool for Studying Complex Fuid Flows},
author={S.T. O'Connell and P.A. Thompson},
journal={Phys. Rev. E},
year={1995},
volume={52},
pages={R5792-R5795}
}

@Article{Nie,
title={A Continuum and Molecular Dynamics Hybrid Method for Micro- and Nano-Fluid Flow},
author={X. B. Nie and S. Y. Chen, W. N. E and M. O. Robbins},
journal={J. Fluid Mech.},
year={2004},
volume={500},
pages={55-64}
}

@Article{Yen,
title={Hybrid Molecular Dynamics-Continuum Simulation for Nano/Mesoscale Channel Flow},
author={T. H. Yen and C. Y. Soong and P. Y. Tzeng},
journal={Microfluid Nanofluid},
year={2007},
volume={3},
pages={665-675}
}

@Article{Lee,
title={Design of Flapping Airfoil for Optimal Aerodynamic Performance in Low-Reynolds Number Flows},
author={Jung-Sang Lee and Chongam Kim and Kyu Hong Kim},
journal={AIAA Journal},
year={2006},
volume={44},
pages={1960-1972}
}

@misc{LAMMPS,
        url  = {{http://lammps.sandia.gov}}
}




@Article{Cactus_Shalf05a,
        keyword = {performance, general, computerscience},
        author = {{Jonathan Shalf et al}},
        title = {Common Computational Frameworks as Benchmarking Platforms},
        journal = {},
        year = {2005},
        abstract = {},
        url = {http://www.cactuscode.org/Articles/Common_Frameworks.pdf},
}

@Article{Cactus_CCTTR,
        keyword = {performance, general, computerscience},
        author = {{Jonathan Shalf et al}},
        title = {Cactus as Benchmarking Platform},
        journal = {CCT Technical Reports},
        year = {2007},
        abstract = {},
        url = {http://www.cct.lsu.edu/cct-trs/download.php?file=CCT-TR-2006-3/CCT-TR-2006-3.pdf},
}

@inproceedings{escience07,
author = {Jha, Shantenu and Kaiser, Hartmut and El Khamra, Yaakoub and Weidner, Ole},
title = {Design and Implementation of Network Performance Aware Applications Using SAGA and Cactus },
year = {2007},
booktitle = { Accepted for 3rd IEEE Conference on eScience2007 and Grid Computing, Bangalore, India.},
url = {http://saga.cct.lsu.edu/publications/saga_cactus_escience.pdf},
} 

@misc{Sidney_Fernbach,
        url  = {{http://www.cactuscode.org/News/SidneyFernbach06}}
}

@INPROCEEDINGS{Cactus_GordonBell,
  note = {Gabrielle Allen et al, ``Supporting Efficient Execution in Heterogeneous Distributed
Computing Environments with Cactus and Globus'', in Proceedings of
Supercomputing 2001, Denver, USA, 2001. [Online]. Available: http://portal.acm.org/citation.cfm?coll=GUIDE\&dl=GUIDE\&id=582086}
}

@misc{netperf_web,
        author = {{NetPerf Homepage}},
        note  = {{http://www.netperf.org/netperf/NetperfPage.html}}
}

@misc{saga_web,
        author = {{SAGA - A Simple API for Grid Applications}},
        note  = {http://saga.cct.lsu.edu/}
}

@misc{ogf_web,
        author = {{Open Grid Forum}},
        url  = {http://www.ogf.org/}
}

@misc{suragrid_web,
        author = {{SURAgrid}},
        url  = {{http://sura.org/programs/sura\_grid.html}}
}

@misc{NWS_web,
        author = {{NWS}},
        url  = {{http://nws.cs.ucsb.edu/ewiki/}}
}

@misc{LONI_web,
        author = {{Louisiana Optical Network Initiative}},
        note  = {{http://www.loni.org/}}
}

@misc{Lightpath_web1,
         author = {{Lightpath Homepage}},
         note  = {{http://lichtpad.surfnet.nl/info/en}}
}

@misc{DRMAA_web,
	author = {{Distributed Resource Management Application API}},
	url = {{http://drmaa.org}}
}

@misc{drmaa_url,
	author = {{Distributed Resource Management Application API}},
	note = {{http://drmaa.org}}
}


@misc{gridrpc_url, note = {{http://forge.ogf.org/sf/projects/gridrpc-wg}} }


@misc{Lightpath_web2,
        author = {{Lightpath Examples}},
        url  = {{http://lichtpad.surfnet.nl/info/en/examples/artikel_content.jsp?objectnumber=141062}}
}

@article{Hey05,
note = {Tony Hey et al, “Cyberinfrastructure for e-Science,” Science, vol. 308, no. 5723,
pp. 817–821, 2005. [Online]. Available: http://www.sciencemag.org/cgi/
content/abstract/308/5723/817}
}

@article{hey04,
note = {Tony Hey et al, “UK e-Science Programme: Next Generation Grid Applications,”
2004, international Journal of High Performance Computing Applications,
Vol. 18, No. 3, 285-291 DOI: 10.1177/1094342004046054.}
}

@article{hey03,
note = {Tony Hey et al, “e-Science and its Implications,” Philosophical Transactions
of the Royal Society A, Volume 361, Number 1809/August 15,
2003, pp 1809-1825, DOI 10.1098/rsta.2003.1224.}
}

@misc{spice_escience06, author = {{M. Harvey et al}},note = {"Using Lambda Networks to Enhance Performance of
Interactive Large Simulations". In Proceedings of the Second IEEE
International Conference on e-Science and Grid Computing, 40
(2006). ISBN: 0-7695-2734-5. DOI: 10.1109/E-SCIENCE.2006.150.}}

@misc{kosar_scpe05, author = {{George Kola et al}}, note={{
pages 33-43, Volume 6, no. 3 (September 2005), Scalable Computing:
Practise and Experience}}}

@misc{wolski_cluster05, author = {{D. Nurmi et al}}, note ={{
Minimizing the Network Overhead of Checkpointing in Cycle-harvesting
Cluster Environments, Proceedings of Cluster 2005, September, 2005}},
url = {http://pompone.cs.ucsb.edu/~rich/publications/}}

@misc{wolski_ccgrid02, note={{M Swany et al, Representing Dynamic
Performance Information in Grid Environments with the Network Weather
Service,in the Proceedings of the Second Conference on Cluster
and Grid Computing (CCGrid02),2002}}}

@misc{wolski_acm03, author = {{Rich Wolski}}, note={{Experiences with Predicting Resource Performance
On-line in Computational Grid Settings (pdf),  ACM
SIGMETRICS Performance Evaluation Review, Volume 30, Number 4, pp
41--49, 2003}}}

@misc{bqp_url2,
note={http://nws.cs.ucsb.edu/ewiki/nws.php?id=Batch+Queue+Prediction}}

@misc{stork_url, note={Stork: A Scheduler for Data Placement
Activities in the Grid}, url={http://dsl.csc.lsu.edu/stork/}}

@misc{harc_url,
  title        = {{The Highly-Available Robust Co-allocator}},
  url         = {{http://www.cct.lsu.edu/~maclaren/HARC/}}
}


@misc{boost_license,
  title        = {{Boost Software License V1.0}},
  url         = {{http://www.boost.org/more/license_info.html}}
}


@article{saga-sc05,
  author        = {Tom Goodale  et al},
  title         = {{SAGA: A Simple API for Grid Applications
                   -- High-Level Application Programming on the Grid}},
  journal       = {{Computational Methods in Science and Technology: special
                   issue "Grid Applications: New Challenges for Computational
                   Methods"}},
  volume        = {8},
  number        = {2},
  year          = {2005},
  month         = {{SC05, November}},
}

@inproceedings{saga-engine,
  author        = {Hartmut Kaiser et al},
  title         = {{The SAGA C++ Reference Implementation -- Lessons
                    Learnt from Juggling with Seemingly Contradictory
                    Goals}},
  year          = {2006},
  month         = {{October}},
  booktitle     = {{Workshop on Library-Centric Software Design LCSD'06,
                    at Object-Oriented Programming, Systems, Languages and
                    Applications conference (OOPSLA'06)}},
  address       = {{Portland, Oregon, USA}},
}


@misc{cpp_imp_url,
  title        = {{SAGA C++ Implementation}},
  url         = {{http://saga.cct.lsu.edu/}}
}


@misc{saga-req,
  author      = {{S. Jha et al}},
  title       = {{A Requirements Analysis for a Simple API for Grid
                  Applications}},
  howpublished = {Grid Forum Document GFD.71},
  year        = 2006,
  url        = {{http://www.ggf.org/documents/GFD.71.pdf}},
}

@misc{saga-uc,
  author      = {{Shantenu Jha et al}},
  title       = {{A Collection of Use Cases for a
                  Simple API for Grid Applications}},
  howpublished = {Grid Forum Document GFD.70},
  url            = {{http://www.ggf.org/documents/GFD.70.pdf}},
  year        = 2006,
}

@misc{saga-core,
  author      = {{Tom Goodale et al}},
  title       = {{A Simple API for Grid Applications}},
  howpublished = {To be published as Grid Forum Document GFD.90},
  year        = 2007,
  note        = {{Open Grid Forum}},
}

@InProceedings{clade06,
  author =       {B. Boghosian et al},
  title =        {{Nektar, SPICE and Vortonics -- Using Federated Grids for Large Scale Scientific Appl
ications}},
  booktitle =    {Proceedings of Challenges of Large Applications in Distributed Environments (CLADE) 2
006},
  year = {2006},
  volume = {IEEE Catalog Number: 06EX13197},
  note = {ISBN 1-4244-0420-7},}

@misc{spruce,
  title        = {{SPRUCE: Special PRiority and Urgent Computing Environment}},
  note         = {{http://spruce.teragrid.org/}}
}

@misc{srb_url, url = {SRB http://www.sdsc.edu/srb/index.php/Main_Page}}

@misc{gin_paper, note ={Interoperation Scenarios of Production
e-Science Infrastructures, Morris Reidel et al, submitted to e-Science
2007}}

@misc{mpiforum_url, url = {MPIforum: http://www.mpi-forum.org/}}

@misc{mincut-maxflow, author = {{H. Thomas et al}}, note={{Introduction to Algorithms,
Second Edition. MIT Press and McGraw-Hill, 2001. ISBN
0-262-03293-7}}}


@misc{X0, author = {{Tom Goodale et al}}, note ={{The Cactus Framework and Toolkit: Design and Applications, Vector and Parallel Processing --- VECPAR'2002, 5th International Conference, Springer, (2003). }}}

@misc{X1, note = {Gabrielle Allen et al, Early Experiences with the Egrid Testbed, IEEE
International Symposium on Cluster Computing and the Grid, Brisbane,
Australia, May 16-18, pages 130-137, (2001).}
}

@misc{X2, note = {Gabrielle Allen et al, The Cactus Worm: Experiments with Dynamic Resource Discovery
and Allocation in a Grid Environment, International Journal of High
Performance Computing Applications, 15(4), (2001).}
}

@misc{X3, note = {Gabrielle Allen et al, Enabling applications on the Grid: A Gridlab overview, International
Journal of High Performance Computing Applications, Volume
17, Number 4, Pages 449-466, (2003).}
}

@misc{majority_voting, author = {{F. J. Seinstra and
J. M. Geusebroek}}, note = {{Color-Based Object Recognition on a Grid,
Proceedings of the 9th European Conference on Computer Vision (ECCV), Graz, Austria,2006, Springer-Verlag.}}}

@article{gridsat03,
author = {Wahid Chrabakh and Rich Wolski},
title = {{GridSAT: A Chaff-based Distributed SAT Solver for the Grid}},
journal = {SuperComputing},
volume = {00},
year = {2003},
isbn = {1-58113-695-1},
pages = {37},
doi = {http://doi.ieeecomputersociety.org/10.1109/SC.2003.10033},
publisher = {IEEE Computer Society},
address = {Los Alamitos, CA, USA},
}


@article{apples03,
author = {Francine Berman et al},
title = {{Adaptive Computing on the Grid Using AppLeS}},
journal = {IEEE Transactions on Parallel and Distributed Systems},
volume = {14},
year = {2003},
pages = {369},
publisher = {IEEE Computer Society},
address = {Los Alamitos, CA, USA},
}


@misc{saga_google_maps,
        author = {{SAGA Google Maps}},
        url  = {{http://fortytwo.cct.lsu.edu/teragrid/teragrid.html}}
}


@book{DataAssim,  author = {Geir Evensen},  title = {Data Assimilation: The Ensemble Kalman Filter},  year = {2006},  isbn = {354038300X},  publisher = {Springer-Verlag New York, Inc.},  address = {Secaucus, NJ, USA},  }  

@article{KalmanPaper,
	author = {Kalman, R. E. },
	citeulike-article-id = {347166},
	keywords = {ee520, filtering, kalman-filtering},
	posted-at = {2005-10-10 20:28:49},
	priority = {2},
	title = {A New Approach to Linear Filtering
and Prediction Problems},
	url = {http://www.cs.unc.edu/~welch/kalman/media/pdf/Kalman1960.pdf}
}

@Article{nature99,
        Author={Monasson, Remi and Zecchina, Riccardo and Kirkpatrick, Scott and Selman, Bart and Troyansky, Lidror},
        Pages={133--137},
        Year={1999},
        DOI={10.1038/22055},
        Volume={Nature, 400},
        Number={6740},
        URL={http://dx.doi.org/10.1038/22055},
        XExportBy={ris2bib}
}

@misc{saga_google_maps,
        author = {{SAGA Google Maps}},
        url  = {{http://fortytwo.cct.lsu.edu/teragrid/teragrid.html}}
}

@misc{bqp_url, 
  author = {{Batch Queue Predictor}},
  url = {{http://spinner.cs.ucsb.edu/batchq/invbqueue.php}}
}

@inproceedings{bqp,
 author = {John Brevik and Daniel Nurmi and Rich Wolski},
 title = {Predicting bounds on queuing delay for batch-scheduled parallel machines},
 booktitle = {PPoPP '06: Proceedings of the eleventh ACM SIGPLAN symposium on Principles and practice of parallel programming},
 year = {2006},
 isbn = {1-59593-189-9},
 pages = {110--118},
 location = {New York, New York, USA},
 doi = {http://doi.acm.org/10.1145/1122971.1122989},
 publisher = {ACM},
 address = {New York, NY, USA},
 }

@article{DO2007,
  author        = {Gu, Yaqing and Dean S. Oliver},
  title         = {An Iterative Ensemble Kalman Filter for Multiphase Fluid
                  Flow Data Assimilation},
  journal       = {SPE Journal},
  year          = {2007},
  volume        = {12},
  number        = {4},
  pages         = {438-446}
 }


@Article{DO2006,
  author        = {Gu, Yaqing and Dean S. Oliver},
  title         = {The ensemble Kalman filter for continuous updating of
                  reservoir simulation models},
  journal       = {Journal of Engineering Resources Technology},
  year          = {2006},
  volume        = {128},
  number        = {1},
  pages         = {79-87}
}

@InProceedings{LiEnKF07,
author = {Xin Li and Christopher White and Zhou Lei and Gabrielle Allen},
title = {Reservoir Model Updating by Ensemble Kalman Filter-Practical Approaches Using Grid Computing Technology},
booktitle = {Petroleum Geostatistics  2007},
address = {Cascais,Portugal},
month = {August},
year = {2007}
}

@article{cactusworm, author = {Allen, Gabrielle and
Angulo, David and Foster, Ian and Lanfermann, Gerd and Liu, Chua ng
and Radke, Thomas and Seidel, Ed and Shalf, John}, title = {{The
Cactus Worm: Experiments with Dynamic Resource Discovery and
Allocation i n a Grid Environment}}, journal = {International Journal
of High Performance Computing Applications}, volume = {15}, number =
{4}, pages = {345-358}, doi = {10.1177/109434200101500402}, year =
{2001}, URL = {http://hpc.sagepub.com/cgi/content/abstract/15/4/345},
eprint = {http://hpc.sagepub.com/cgi/reprint/15/4/345.pdf} }



@article{bangerth,
  author    = {Wolfgang Bangerth and
               Hector Klie and
               Vincent Matossian and
               Manish Parashar and
               Mary F. Wheeler},
  title     = {An Autonomic Reservoir Framework for the Stochastic Optimization of Well Placement},
  journal   = {Cluster Computing},
  volume    = {8},
  number    = {4},
  year      = {2005},
  pages     = {255-269},
  ee        = {http://dx.doi.org/10.1007/s10586-005-4093-3},
  bibsource = {DBLP, http://dblp.uni-trier.de},
}

\vfill\eject
@misc{accord, note = {Accord: A Programming Framework for Autonomic Applications,” H. Liu and M. Parashar, IEEE Transactions on Systems, Man and Cybernetics, Special Issue on Engineering Autonomic Systems, Editors: R. Sterritt and T. Bapty, IEEE Press, Vol. 36, No 3, pp. 341 – 352, 2006. (PDF)}}


@article{saga_royalsoc,
  author    = {Luckow, Andre and
               Jha, Shantenu and
               Kim, Joohyun  and
               Merzky, Andre and
               Schnor, Bettina },
  title     = {Adaptive Distributed Replica-Exchange Simulations},
  journal   = {Theme Issue of the Philosophical Transactions of the Royal Society A:
               Crossing Boundaries: Computational Science, E-Science and Global E-Infrastructure
               Proceedings of the UK e-Science All Hands Meeting 2008},
  volume = {367},
  issue = {1898},
  year      = {2009},
}

@misc{faust_url,
        author = {{Famework for Adaptive Ubquitious Scalable Tasks (FAUST)}},
        url  = {{http://saga.cct.lsu.edu/index.php?option=com_content&task=view&id=98&Itemid=174}}
}