% ECMLS11 specific

% Cloud and other infrastructure for genome analysis



@Article{luyf-2010,
title="{Initial steps towards a production platform for DNA sequence analysis on the grid}",
author={Luyf, A. C. M. and van Schaik, B. D. C. and de Vries, M. and Baas, F. and van Kampen, A. H. C. and Olabarriaga, S. D.}, 
journal={BMC Bioinformatics},
year={2010},
volume={11},
number={},
pages={598},
keywords={},
doi={10.1186/1471-2105-11-598},
ISSN={}, }

@Article{galaxy,
title="{A Comprehensive Approach for Supporting Accessible, Reproducible, and Transparent Computational Research in the Life Sciences}",
author={Goecks, J. and Nekrutenko, A. and Taylor, J. and et al.}, 
journal={Genome Biol.},
year={2010},
volume={11},
number={8},
pages={R86},
keywords={},
doi={},
ISSN={}, }

@Article{cloudburst,
title="{CloudBurst: highly highly sensitive read mapping with MapReduce}",
author={Schatz, M. C.}, 
journal={Bioinformatics},
year={2009},
volume={25},
number={11},
pages={1363-1369},
keywords={},
doi={},
ISSN={}, }

@Article{cloudblast,
title="{CloudBlast: Combining MapReduce and Virtualization on Distributed Resources for Bioinformatics Applications}",
author={Matsunaga, A. and Tsugawa, M. and Fortes, J.}, 
journal={Fourth IEEE Conference on eScience 2008},
year={2009},
volume={},
number={},
pages={},
keywords={},
doi={},
ISSN={}, }

@Article{langmead2009,
title="{Searching for SNPs with cloud computing}",
author={Langmead, B. and Schatz, M. C. and Lin, J. and Pop, M. and Salzberg, S. L.}, 
journal={Genome Biol.},
year={2009},
volume={19},
number={11},
pages={R134},
keywords={},
doi={},
ISSN={}, }

@Article{langmead2010,
title="{Cloud-scale RNA-sequencing differential expression analysis with Myrna}",
author={Langmead, B. and et al.}, 
journal={Genome Biol.},
year={2010},
volume={11},
number={8},
pages={R83},
keywords={},
doi={},
ISSN={}, }

@Article{taylor2010,
title="{An overview of the Hadoop/MapReduce/HBase framework and its current applications in bioinformatics}",
author={Taylor, R. C.}, 
journal={BMC Bioinformatics},
year={2010},
volume={11},
number={},
pages={S1},
keywords={},
doi={10.1186/1471-2105-11-S12-S1},
ISSN={}, }

@Article{gatk,
title="{analyzing next-generation DNA sequencing dataThe Genome Analysis Toolkit: A MapReduce framework for 
}",
author={McKenna, A. and Hanna, M. and Banks, E. and et al. }, 
journal={Genome Res.},
year={2010},
volume={20},
number={},
pages={1297-1303},
keywords={},
doi={ 10.1101/gr.107524.110},
ISSN={}, }

@article{halligan2009,
author = {Halligan, Brian D. and Geiger, Joey F. and Vallejos, Andrew K. and Greene, Andrew S. and Twigger, Simon N.},
title = {Low Cost, Scalable Proteomics Data Analysis Using Amazonâ AWS Cloud Computing Services and Open Source Search Algorithms},
journal = {Journal of Proteome Research},
volume = {8},
number = {6},
pages = {3148-3153},
year = {2009},
doi = {10.1021/pr800970z},
note ={PMID: 19358578},
URL = {http://pubs.acs.org/doi/abs/10.1021/pr800970z},
eprint = {http://pubs.acs.org/doi/pdf/10.1021/pr800970z}
}

% human genetics
@Article{1000genome,
title="{A map of human genome variation from population-scale sequencing}",
author="{The 1000 Genomes Project Consortium}", 
journal={Nature},
year={2010},
volume={467},
number={},
pages={1061-1073},
keywords={},
doi={doi:10.1038/nature09534},
ISSN={}, }


% NGS and high-throughput sequencing techniques
@Article{metzker2010,
title="{Sequencing technologies - the next generation}",
author={Metzker, M. L.}, 
journal={Nat. Rev. Genet.},
year={2010},
volume={11},
number={1},
pages={31-46},
keywords={},
doi={10.1038/nrg2626},
ISSN={}, }

@Article{mardis2008-tig,
title="{The impact of next-generation sequencing technology on genetics}",
author={Mardis, E. R.}, 
journal={Trends in Genetics},
year={2008},
volume={24},
number={3},
pages={133-141},
keywords={},
doi={10.1016/j.tig.2007.12.007},
ISSN={}, }

@Article{mardis2008-arghg,
title="{Next-Generation DNA Sequencing Methods}",
author={Mardis, E. R.}, 
journal={Annu. Rev. Genomics Hum. Genet.},
year={2008},
volume={9},
number={},
pages={387-402},
keywords={},
doi={10.1146/annurev.genom.9.081307164359},
ISSN={}, }

% ChIP-seq, RNA-seq and more

@Article{wang2009-natrevgen,
title="{RNA-seq : a revolutionary tool for transcriptomics}",
author={Wang, Z. and Gerstein, M. and Snyder, M.}, 
journal={Nat. Rev. Genet.},
year={2009},
volume={10},
number={1},
pages={57-63},
keywords={},
doi={10.1038/nrg2484},
ISSN={}, }


@Article{gilad2009,
title="{Characterizing natural variation using next-generation sequencing technologies}",
author={Gilad, Y. and Pritchard, J. K. and Thornton, K.}, 
journal={Trends in Genetics},
year={2009},
volume={25},
number={10},
pages={463-471},
keywords={},
doi={10.1016/j.tig.2009.09.003},
ISSN={}, }

@Article{pepke2009,
title="{Computation for ChIP-seq and RNA-seq studies}",
author={Pepke, S. and Wold, B. and Mortazavi, A.}, 
journal={Nature Methods},
year={2009},
volume={6},
number={},
pages={S22-S32},
keywords={},
doi={10.1038/nmeth.1371},
ISSN={}, }

@Article{laajala,
title="{A practical comparison of methods for detecting transcription factor binding sites in ChIP-seq experiments}",
author={Laajala, T. D. and Raghav, S. and Tuomela, S. and Lahesmaa, R. and Aittokallio, T and Elo, L. L.}, 
journal={BMC Genomics},
year={2009},
volume={10},
number={},
pages={618},
keywords={},
doi={10.1086/1471-2164-10-618},
ISSN={}, }

@Article{wilbanks,
title="{Evaluation of Algorithm Performance in ChIP-Seq Peak Detection}",
author={Wilbanks, E. G. and Facciotti, M. T.} ,
journal={PLoS One},
year={2010},
volume={5},
number={7},
pages={e11471},
keywords={},
doi={},
ISSN={}, }


@Article{macs,
title="{Model-based Analysis of ChIP-Seq (MACS)}",
author={Zhang, Y. and Liu, T. and Meyer, C. A. and Eeckhoute, J. and Johnson, D. S. and Bernstein, B. E. and Nusbaum, C. and Myers, R. M. and Brown, M. and Li, W. and Liu, X. S.}, 
journal={Genome Biology},
year={2008},
volume={9},
number={},
pages={R137},
keywords={},
doi={},
ISSN={}, }

@Article{mortazavi2008,
title="{Mapping and quantifying mammalian transcriptomes by RNA-seq}",
author={Mortazavi, A. and Williams, B. A. and McCue, K. and Schaeffer, L. and Wold, B.}, 
journal={Nature Methods},
year={2008},
volume={5},
number={7},
pages={621-628},
keywords={},
doi={10.1038/nmeth.1226},
ISSN={}, }

@Article{sorek2010,
title="{Prokaryotic transcriptomics: a new view on regulation, physiology and pathogenicity}",
author={Sork, R. and Cossart, P.}, 
journal={Nat. Rev. Genet.},
year={2010},
volume={11},
number={},
pages={9-16},
keywords={},
doi={10.1038/nrg2695},
ISSN={}, }


@Article{samtools,
title="{The Sequence alignment/map (SAM) format and SAMtools}",
author={Li, H. and Handsaker, B. and Wysoker, A. and Fennell, T. and Ruan, J. and Home, N. and Marth, G. and Abecasis, G. and Durbin, R. and 1000 Genome Project Data Processing Subgroup}, 
journal={Bioinformatics},
year={2009},
volume={25},
number={},
pages={2078-2079},
keywords={},
doi={},
ISSN={}, }


% HT Genome data analysis
@Article{trapnell2009,
title="{How to map billions of short reads onto genomes}",
author={Trapnell, C. and Salzberg, S. L.}, 
journal={Nat. Biotech.},
year={2009},
volume={27},
number={5},
pages={455-457},
keywords={},
doi={10.1038/nbt0509-455},
ISSN={}, }

@Article{alex2009,
title="{Editorial -Bioinformatics for Next Generation Sequencing}",
author={Bateman, A. and Quackenbush, J.}, 
journal={Bioinformatics},
year={2009},
volume={25},
number={},
pages={429},
keywords={},
doi={10.1038/nbt0509-455},
ISSN={}, }

@Article{pop2002,
title="{Genome Sequence Assembly: Algorithms and Issues}",
author={Pop, M. and Salzberg, S. L. and Shumway, M.}, 
journal={Computer},
year={2002},
volume={35},
number={7},
pages={47-54},
keywords={},
doi={10.1109/MC.2002.1016901},
ISSN={}, }

@Article{scheibye-alsing2009,
title="{Sequence asembly}",
author={Scheibye-Alsing, K. and Hoffmann, S. and Frankel, A. and Jensen, P. and Stadler, P. F. and Mang, Y. and Tommerup, N. and Gilchrist, M. J. and Nygard, A. B. and Cirera, S. and Jorgensen, C. B. and Fredholm, M. and Gorodkin, J.} ,
journal={Comp. Biol and Chem.},
year={2009},
volume={33},
number={},
pages={121-136},
keywords={},
doi={},
ISSN={}, }

@Article{bfast2009,
title="{BFAST : An alignment tool for large scale genome resequencing}",
author={Homer, N. and Merriman, B. and Nelson, S. F.} ,
journal={PLoS One},
year={2009},
volume={4},
number={11},
pages={e7767},
keywords={},
doi={},
ISSN={}, }

@Article{bfast2009b,
title="{Local alignment of two-base encoded DNA sequence}",
author={Homer, N. and Merriman, B. and Nelson, S. F.} ,
journal={BMC Bioinformatics},
year={2009},
volume={10},
number={1},
pages={175},
keywords={},
doi={},
ISSN={}, }

% my work
@Article{kim2011,
title="{Comparative analyses of the whole-genomes of two Burkhoderia glumae strains from different geographic origins}",
author={Kim, J. and Francis, F. and Ham, J. H.Ò}, 
journal={to be submitted},
year={},
volume={},
number={},
pages={},
keywords={},
doi={},
ISSN={}, }

@Article{hernandez2008,
title="{De novo bacterial genome sequencing: Millions of very short reads assembled on a desktop computer}",
author={Hernandez, D. and Francois, P. and Farinelli, L. and Osteras, M. and Schrenzel, J.}, 
journal={Genome Res.},
year={2008},
volume={18},
number={},
pages={802-809},
keywords={},
doi={},
ISSN={}, }

@Article{farrer2008,
title="{De novo assembly of the Pseudomonas syringae pv. syringae B728a genome using Illumina/Solexa short sequence reads}",
author={Farrer, R. A. and Kemen, E. and Jones, J. D. G. and Studholme, D. J.}, 
journal={FEMS Microbial Lett.},
year={2008},
volume={291},
number={},
pages={103-111},
keywords={},
doi={},
ISSN={}, }


% RNA general

@article{costa2009, 
author ={Costa, F. F.},
title ="{Non-coding RNAs and new opportunities for the private sector}",
journal = {Drug Discovery Today}, 
volume = {14}, 
pages={446-452},
year = "2009",
doi={{}}
}



@inbook{joyce1999,
  author =	 {Joyce, G. F. and Orgel, L. E.},
  title =	 "",
  booktitle = "{The RNA World}",
  editor = {Gesteland, R. F. and Cech, T. R. and Atkins, J. F. },
  pages =	 {49-77},
  address =	 "New York",
  publisher =	 "Cold Spring Harbor Laboratory Press",
  year =	 1999
}



@Article{cruz2009,
title="{The dynamic landscapes of RNA architecture}",
author={Cruz, J. A. and Westhof, E.}, 
journal={Cell},
year={2009},
volume={136},
number={},
pages={604-609},
keywords={},
doi={10.1016/j.cell.2009.02.003},
ISSN={}, }


@Article{encode2007,
title="{Identification and analysis of functional elements in 1 \% of the human genome by the ENCODE pilot project}",
author={Birney, E. and et al.}, 
journal={Nature},
year={2007},
volume={447},
number={7},
pages={799-816},
keywords={},
doi={10.1038/nature05874},
ISSN={00280836}, }

@Article{amaral2008,
title="{The Eukaryotic Genome as an RNA Machine}",
author={Amaral, P. P. and Dinger, M. E. and Mercer, T. R. and Mattick, J. S.} ,
journal={Science},
year={2008},
volume={319},
number={},
pages={1787-1789},
keywords={},
doi={10.1126/science.1155472},
ISSN={}, }

@Article{menzel2009,
title="{The tedious task of finding homologous noncoding RNA genes}",
author={Menzel, P. and Gorodkin, J. and Stadler, P. F.} ,
journal={RNA},
year={2009},
volume={15},
number={},
pages={2075-2082},
keywords={},
doi={10.1261/rna.1556009},
ISSN={}, }

@Article{mattick2009,
title="{Deconstructing the Dogma: a new view of the evolution and genetic programming of complex organisms}",
author={Mattick, J. S.} ,
journal={Annals of the New York Academy of Sciences},
year={2009},
volume={1178},
number={},
pages={29-46},
keywords={},
doi={10.1111/j.1749-6632.2009.04991.x},
ISSN={}, }

@Article{listeriagenome2009,
title="{The Listeria transcriptional landscape from saprophytism to virulence}",
author={Toledo-Arana, A. and et al} ,
journal={Nature},
year={2009},
volume={459},
number={},
pages={950-956},
keywords={},
doi={10.1038/nature08080},
ISSN={}, }

@Article{ellington2007,
title="{What's so great about RNA}",
author={Ellington, A. D.} ,
journal={ACS Chemical Biology},
year={2007},
volume={2},
number={7},
pages={445-447},
keywords={},
doi={},
ISSN={}, }

@Article{baek2008,
title="{The impact of microRNAs on protein output}",
author={Baek, D. and Villen, J. and Shin, C. and Camargo, F. D. and Gygi, S. P. and Bartel, D. P.} ,
journal={Nature},
year={2008},
volume={455},
number={},
pages={64-71},
keywords={},
doi={10.1038/nature07242},
ISSN={}, }

@Article{schmeing2009,
title="{What recent ribosome structures have revealed about the mechanism of translation}",
author={Schmeing, T. M. and Ramakrishnan, V.}, 
journal={Nature},
year={2009},
volume={461},
number={},
pages={1234-1242},
keywords={},
doi={10.1038/nature08403},
ISSN={}, }

@Article{morley2003,
title="{Validation of an empirical RNA-ligand scoring function for fast flexible docking using RiboDock}",
author={Morley, S. D. and Afshar, M.}, 
journal={Journal of Computer Aided Molecular Design},
year={2003},
volume={18},
number={},
pages={189-208},
keywords={},
doi={},
ISSN={}, }


@Article{murchie2004,
title="{Structure-Based Drug Design targeting an inactive RNA Conformation:  Exploiting the flexibility of HIV-1 TAR RNA}",
author={Murchie, A. I. H. and Davis, B. and Isel, C. and Afshar, M. and Drysdale, M. J. and Bower, J. and Potter, A. J. and 
Starkey, I. D. and Swarbrick, T. M. and Mirza, S. and Prescott, C. D. and Vaglio, P. and Aboul-ela, F. and Karn, J. } ,
journal={J. Mol. Biol.},
year={2004},
volume={336},
number={},
pages={625-638},
keywords={},
doi={},
ISSN={}, }


@Article{davis2004,
title="{Rational Design of Inhibtors of HIV-1 TAR RNA Through the Stabilisation of Electrostatic "Hot Spots"}",
author={Davis, B. and Afshar, M. and Varani, G. and Murchie, A. I. H. and Karn, J. and Lentzen, G. and Drysdale, M. and 
Bower, J. and Potter, A. J. and Starkey, I. D. and Swarbrick, T. and Aboul-ela, F. } ,
journal={J. Mol. Biol.},
year={2004},
volume={336},
number={},
pages={343-356},
keywords={},
doi={},
ISSN={}, }

@Article{fareed2010,
title="{Strategies for the design of RNA-binding small molecules}",
author={Aboul-ela, F. }, 
journal={Future Medicinal Chemistry},
year={2010},
volume={2},
number={1},
pages={93-119},
keywords={},
doi={},
ISSN={}, }

@Article{blouin2009,
title="{Riboswitches: Ancient and Promising Genetic Regulators}",
author={Blouin, S. and Mulhbacher, J. and Penedo, J. C. and Lafontaine, D. A. }, 
journal={ChemBioChem},
year={2009},
volume={10},
number={},
pages={400-416},
keywords={},
doi={10.1002/cbic.200800593},
ISSN={}, }

@Article{winkler2003,
title="{An mRNA structure that controls gene expression by binding S-adenosylmethionine}",
author={Winkler, W. C. and Nahvi, A. and Sudarsan, N. Barrick, J. E. and Breaker, R. R.}, 
journal={Nature Struct. Biology},
year={2003},
volume={10},
number={},
pages={701-707},
keywords={},
doi={},
ISSN={}, }

@Article{epshtein2003,
title="{The riboswitch-mediated control of sulfur metabolism in bacteria}",
author={Epshtein, V. and Mironov, A. S. and Nudler, E.}, 
journal={Proc. Natl. Acad. Sci., USA},
year={2003},
volume={100},
number={},
pages={5052-5056},
keywords={},
doi={},
ISSN={}, }

@Article{dambach2009,
title="{Expanding roles for metabolite-sensing regulatory RNAs}",
author={Dambach, M. D. and Winkler, W. C.} ,
journal={Curr. Op. Microbiol.},
year={2009},
volume={12},
number={},
pages={161-169},
keywords={},
doi={10.1016/j.mib.2009.01.012},
ISSN={}, }

@Article{henkin2009,
title="{Riboswitch RNAs : using RNA to sense cellular metabolism}",
author={Henkin, T. M.},
journal={Genes and Development},
year={2009},
volume={22},
number={},
pages={3383-3390},
keywords={},
doi={10.1101/gad.1747308},
ISSN={}, }

@Article{montange2008,
title="{Riboswitches: emerging themes in RNA structure and function}",
author={Montange, R. K. and Batey, R. T.} ,
journal={Annual Review of Biophysics},
year={2008},
volume={37},
number={},
pages={117-133},
keywords={},
doi={10.1146/annurev.biophys.37.032807.130000},
ISSN={}, }


@Article{roth2009,
title="{The Structural and Functional Diversity of Metabolite-Binding Riboswitches}",
author={Roth, A. and Breaker, R. R.},
journal={Annual Review of Biochemistry},
year={2009},
volume={78},
number={},
pages={305-334},
keywords={},
doi={10.1146/annurev.biochem.78.070507.135656},
ISSN={}, }

@Article{breaker-biolcell-2008,
title="{Purine sensing by riboswitches}",
author={Kim, J. N. and Breaker, R. R.},
journal={Biol. Cell},
year={2008},
volume={100},
number={},
pages={1-11},
keywords={},
doi={},
ISSN={}, }



@Article{lang2007,
title="{Ligand-induced folding of the thiM TPP riboswitch investigated by a structure-based fluorescence spectroscopic approach}",
author={Lang, K. and Rieder, R. and Micura, R.} ,
journal={Nucleic Acids Res.},
year={2007},
volume={35},
number={},
pages={5370-5378},
keywords={},
doi={},
ISSN={}, }

@Article{schlick2009,
title="{Analysis of Riboswitch Structure and Function by an Energy Landscape Framework}",
author={Quarta, G. and Kim, N. and Izzo, J. A.  and Schlick, T} ,
journal={Nucleic Acids Res.},
year={2007},
volume={35},
number={},
pages={5370-5378},
keywords={},
doi={},
ISSN={}, }

@Article{heppell2009,
title="{Application of Fluorescent Measurements for characterization of riboswitch-ligand interactions}",
author={Heppell, B. and Mulhbacher, J. and Penedo, J. C. and Lafontaine, D. A.} ,
journal={Methods in Molecular Biology},
year={2008},
volume={540},
number={},
pages={25-37},
keywords={},
doi={},
ISSN={}, }

@Article{weinberg2007,
title="{Identification of 22 candidate structured RNAs in bacteria using the CMfinder comparative genomics pipeline}",
author={Weinberg, Z. and Barrick, J. E. and Yao, Z. and Roth, A. and Kim, J. N. and Gore, J. and Wang, J. X. and Lee, E. R. and Block, K. F. and Sudarsan, N. and Neph, S. and Tompa, M. and Ruzzo, W. L. and Breaker, R. R.} ,
journal={Nucleic Acids Res.},
year={2007},
volume={35},
number={14},
pages={4809-4819},
keywords={},
doi={},
ISSN={}, }



@Article{lim2006,
title="{Molecular-recognition characteristics of SAM-binding riboswitches}",
author={Lim, J. and Winkler, W. C. and Nakamura, S. and Scott, V. and Breaker, R. R} ,
journal={Angewandte Chemie Int. Ed.},
year={2006},
volume={45},
number={},
pages={964-968},
keywords={},
doi={},
ISSN={}, }

@Article{wang2008,
title="{Riboswitches that sense S-adenosylmethionine and S-adenosylhomocysteine}",
author={Wang, J. X. and Breaker, R. R.} ,
journal={Biochemistry and Cell Biologoy},
year={2008},
volume={86},
number={},
pages={157-168},
keywords={},
doi={},
ISSN={}, }

@Article{montange2006,
title="{Structure of the S-adenosylmethionine riboswitch regulatory mRNA elemen}",
author={Montange, R. K. and Batey, R. T.} ,
journal={Nature},
year={2006},
volume={441},
number={},
pages={1172-1175},
keywords={},
doi={10.1038/nature04819},
ISSN={}, }


@Article{montange2009,
title="{Discrimination between closely related cellular metabolites by the SAM-I riboswitch}",
author={Montange, R. K. and Mondrag\'{o}n, E. and Tyne, D. v. and Garst, A. D. and Ceres, P.  and Batey, R. T.} ,
journal={J. Mol. Biol.},
year={2009},
volume={available online},
number={},
pages={},
keywords={},
doi={10.1016/j.jmb.2009.12.007},
ISSN={}, }

@Article{tomsic2008,
title="{Natural variability in S-Adenosylmethionine (SAM)-dependent riboswitches: S-Box elements in Bacillus subtilis exhibit differential sensitivity to SAM in vivo and in vitro}",
author={Tomsic, J. and McDaniel, B. A. and Grundy, F. J. and Henkin, T. M.} ,
journal={Journal of Bacteriology},
year={2008},
volume={190},
number={},
pages={823-833},
keywords={},
doi={10.1128/jb.01034-07},
ISSN={}, }


@Article{gus,
title="{Comparison of genomic and predicted amino acid sequences of respiratory and enteric bovine coronaviruses isolated from the same animal with fatal shipping pnemonia}",
author={Chouljenko, V. N. and Lin, X. Q. and Storz, J. and Kousoulas, K. G. and Gorbalenya, A. E.} ,
journal={Journal of General Virology},
year={2001},
volume={82},
number={},
pages={2927-2933},
keywords={},
doi={},
ISSN={}, }

@misc{gus_pc,
author={Chouljenko, V. N. and Kousoulas, K. G.},
year = {2010},
howpublished="{private communication}",
}

@Article{smith2008,
title="{Crystal structures of the SAM-III/S(MK) riboswitch reveal the SAM-dependent translation inhibition mechanism}",
author={Smith, L. C and Fuch, R. T. and Ding, F. and Rajashankar, K. and Henkin, T. M.} ,
journal={Nat. Struct. Mol. Biol.},
year={2008},
volume={15},
number={10},
pages={1076-1083},
keywords={},
doi={},
ISSN={}, }

@Article{gilbert2008,
title="{Structure of the SAM-II riboswitch bound to S-adenosylmethionine}",
author={Gilber, S. D. and Rambo, R. P. and Van Tyne, D. and Batey, R. T.} ,
journal={Nat. Struct. Mol. Biol.},
year={2008},
volume={15},
number={2},
pages={177-182},
keywords={},
doi={},
ISSN={}, }


@Article{weinberg2008,
title="{The aptamer core of SAM-IV riboswitches mimics the ligand-binding site of SAM-II riboswitches}",
author={Weinberg, Z. and Regulski, E. E. and Hammond, M. C. and Barrick, J. E. and Yao, Z. and Ruzzo, W. L. and Breaker, R. R.} ,
journal={RNA},
year={2008},
volume={14},
number={5},
pages={822-828},
keywords={},
doi={},
ISSN={}, }


@Article{wickiser2005a,
title="{The kinetics of ligand binding by an adenine-sensing riboswitch}",
author={Wickiser, J. K. and Cheah, M. T. and Breaker, R. R. and Crothers, D. M.} ,
journal={Biochemistry},
year={2005},
volume={44},
number={},
pages={13404-13414},
keywords={},
doi={10.1021/bi051008u},
ISSN={}, }

@Article{wickiser2005b,
title="{The speed of RNA transcription and metabolite binding kinetics operate an FMN riboswitch}",
author={Wickiser, J. K. and Winkler, W. C. and Breaker, R. R. and Crothers, D. M.} ,
journal={Mol. Cell.},
year={2005},
volume={18},
number={},
pages={49-60},
keywords={},
doi={},
ISSN={}, }


@Article{winkler2001,
title="{The GA motif: An RNA element common to bacterial antitermination systems, rRNA, and eukaryotic RNAs.}",
author={Winkler, W. C. and Grundy, F. J. and Murphy, B. A. and Henkin, T. M. } ,
journal={RNA},
year={2001},
volume={7},
number={},
pages={1165-1172},
keywords={},
doi={},
ISSN={}, }





@Article{shapiro2007,
title="{Bridging the gap in RNA structure prediction}",
author={Shapiro, B. A. and Yingling, Y. G. and Kasprzak, W. and Bindewald, E.}, 
journal={Curr. Op. Struct. Biol.},
year={2007},
volume={17},
number={},
pages={157-165},
keywords={},
doi={},
ISSN={}, }

@Article{clark2006,
title="{The crystal structure of tRNA}",
author={Clark, B. F. C.}, 
journal={Journal of Biosciences},
year={2006},
volume={31},
number={4},
pages={453-457},
keywords={},
doi={},
ISSN={}, }

@Article{robertus1974,
title="{Correlation between three-dimensional structure and chemical reactivity of transfer RNA}",
author={Robertus, J. D. and Ladner, J. E. and Rhodes, D. and Brown, R. S. and Clark, B. F. and Klug, A}, 
journal={Nuc. Acids Res.},
year={1974},
volume={1},
number={7},
pages={927-932},
keywords={},
doi={},
ISSN={}, }


@Article{ogle2005,
title="{Insights into the decoding mechanism from recent ribosome structures}",
author={Ogle, J. M. and Carter, A. P. and Ramakrishnan, V.} ,
journal={Trends in Biochemical Sciences},
year={2005},
volume={28},
number={},
pages={259-266},
keywords={},
doi={},
ISSN={}, }

@Article{foloppe2006,
title="{Towards the discovery of drug-like RNA ligands?}",
author={Foloppe, N. an Matassova, N. and Aboul-ela, F.} ,
journal={Drug Discovery Today},
year={2006},
volume={11},
number={},
pages={1019-1027},
keywords={},
doi={10.1016/j.drudis.2006.09.001},
ISSN={}, }

@Article{wieland2008,
title="{Artificial Riboswitches: Synthetic mRNA-Based Regulators of Gene Expression}",
author={Wieland, M. and Hartig, J. S.} ,
journal={ChemBioChem},
year={2008},
volume={9},
number={},
pages={1873-1878},
keywords={},
doi={10.1002/cbic.200800154},
ISSN={}, }

@Article{link2009,
title="{Engineering ligand-responsive gene-control elements: lessons learned from natural riboswitches}",
author={Link, K. H. and Breaker, R. R.} ,
journal={Gene Ther.},
year={2009},
volume={16},
number={},
pages={1189-1201},
keywords={},
doi={10.1038/gt.2009.81},
ISSN={}, }

@Article{smolke2009,
title="{Design Principles for Riboswitch Function}",
author={Beisel, C. L. and Smolke, C. D.} ,
journal={PLoS Computational Biology},
year={2009},
volume={5},
number={4},
pages={e1000363},
keywords={},
doi={},
ISSN={}, }



@Article{gallivan2010,
title="{Emerging Applications of Riboswitches in Chemical Biology}",
author={Topp, S. and Gallivan, J. P} ,
journal={ACS Chemical Biology},
year={2010},
volume={5},
number={},
pages={139-148},
keywords={},
doi={10.1038/gt.2009.81},
ISSN={}, }


@Article{topp2007,
title="{Guiding Bacteria with Small Molecules and RNA}",
author={Topp, S. and Gallivan, J. P.} ,
journal={J. Am. Chem. Soc.},
year={2007},
volume={129},
number={21},
pages={6808-6811},
keywords={},
doi={},
ISSN={}, }


@Article{muranaka2009,
title="{Efficient Design Strategy for Whole-Cell and Cell-Free Biosensors based on Engineered Riboswitches}",
author={Muranaka, N. an Sharma, V. and Nomura, Y. and Yokobayashi, Y. } ,
journal={Anal. Letts.},
year={2009},
volume={42},
number={},
pages={108-122},
keywords={},
doi={10.1038/gt.2009.81},
ISSN={}, }


@Article{jaeger2006,
title="{The architectonics of programmable RNA and DNA nanostructures}",
author={Jaeger, L. and Chworos, A.} ,
journal={Curr. Op. Struct. Biol.},
year={2006},
volume={16},
number={},
pages={531-543},
keywords={},
doi={10.1021/ja0692480},
ISSN={}, }

@Article{stoddard2008,
title="{Ligand-dependent folding of the three-way junction in the purine riboswitch}",
author={Stoddard, C. D. and Gilbert, S. D. and Batey, R. T.} ,
journal={RNA},
year={2008},
volume={14},
number={},
pages={675-684},
keywords={},
doi={10.1261/rna.736908},
ISSN={}, }


@Article{stoddard2010,
title="{Free state conformational sampling of the SAM-I riboswitch aptamer domain.}",
author={Stoddard, C. D. and Montange, R. K. and Hennelly, S. P. and Rambo, R. P. and Sanbonmatsu, K. Y. and Batey, R. T.} ,
journal={Structure},
year={2010},
volume={18},
number={},
pages={787-797},
keywords={},
doi={},
ISSN={}, }



@Article{mathews2006,
title="{Revolutions in RNA secondary structure prediction}",
author={Mathews, D. H.},
journal={J. Mol. Biol.},
year={2006},
volume={359},
number={},
pages={526-532},
keywords={},
doi={},
ISSN={}, }

@Article{clote2007,
title="{Boltzmann probability of RNA structural neighbors and riboswitch detection}",
author={Freyhult, E. and Moulton, V. and Clote, P.} ,
journal={Bioinformatics},
year={2007},
volume={23},
number={16},
pages={2054-2062},
keywords={},
doi={},
ISSN={}, }

@Article{ding2003,
title="{A statistical sampling algorithm for RNA secondary structure prediction}",
author={Ding, Y. and Lawrence, C. E.} ,
journal={Nucleic Acids Res.},
year={2003},
volume={31},
number={},
pages={7280-7301},
keywords={},
doi={},
ISSN={}, }

@Article{ding2006,
title="{Statistical and Bayesian approaches to RNA secondary structure prediction}",
author={Ding, Y.} ,
journal={RNA},
year={2006},
volume={12},
number={3},
pages={323-331},
keywords={},
doi={},
ISSN={}, }

@Article{ding-sfold,
title="{Sfold web server for statistical folding and rational design of nucleic acids}",
author={Ding, Y. and Chan, C. Y.  and Lawrence, C. E. } ,
journal={Nuc. Acids Res.},
year={2004},
volume={32},
number={},
pages={W135-W141},
keywords={},
doi={},
ISSN={}, }



@Article{andrieu2003,
title="{An Introduction to MCMC for Machine Learning}",
author={Andrieu, C. and Freitas, N. and Doucet, A. and Jordan, M. I.} ,
journal={Machine Learning},
year={2003},
volume={50},
number={},
pages={5-43},
keywords={},
doi={},
ISSN={}, }

@Article{Larranaga2006,
title="{Machine Learning in bioinformatics}",
author={Larranaga, P. and Calvo, B. and Santana, R. and Bielza, C. and Galdiano J. and Inza, I. and Lozano, J. A. and Armananzas, R. and Santafe, G. and Perez, A. and Robles, V.} ,
journal={Brief Bioinform.},
year={2006},
volume={7},
number={1},
pages={86-112},
keywords={},
doi={},
ISSN={}, }

@Article{turner2004,
title="{Incorporating Chemical Modification Constraints into a Dynamic Programming Algorithm for Prediction of RNA Secondary Structure}",
author={Mathews, D. H. and Disney, M. D. and Childs, J. L. and Schroeder, S. J. and Zuker, M. and Turner, D. H.} ,
journal={Proc. Natl. Acad. Sci. USA},
year={2004},
volume={101},
number={},
pages={7287-7292},
keywords={},
doi={},
ISSN={}, }


@Article{turner1999,
title="{Expanded sequence dependence of thermodynamic parameters improves prediction of RNA secondary structure}",
author={Mathews, D. H. and Sabina, J. and Zuker, M. and Turner, D. H. } ,
journal={J. Mol. Biol.},
year={1999},
volume={288},
number={5},
pages={911-940},
keywords={},
doi={},
ISSN={}, }

@Article{zuker-stiegler1981,
title="{Optimal computer folding of large RNA sequences using thermodynamics and auxiliary information}",
author={Zucker, M. and Stiegler, P.} ,
journal={Nucleic Acids Res. },
year={1981},
volume={9},
number={1},
pages={133-148},
keywords={},
doi={},
ISSN={}, }


@Article{mathewsturner2006,
title="{Prediction of RNA secondary structure by free energy minimization}",
author={Mathews, D. H. and Turner, D. H.} ,
journal={Curr. Opin. Struct. Biol.},
year={2006},
volume={16},
number={3},
pages={270-278},
keywords={},
doi={},
ISSN={}, }

@Article{eddynaturebiotech2004,
title="{How do RNA folding algorithms work?}",
author={Eddy, S. R.} ,
journal={Nature Biotechnology},
year={2004},
volume={22},
number={11},
pages={1457-1458},
keywords={},
doi={},
ISSN={}, }

@Article{infernal,
title="{Infernal 1.0: Inference of RNA alignments}",
author={Nawrocki, E.P. and Kolbe, D. L. and Eddy, S. R.} ,
journal={Bioinformatics},
year={2009},
volume={25},
number={},
pages={1335-1337 },
keywords={},
doi={},
ISSN={}, }

@Article{rivas2000,
title="{Secondary structure alone is generally not statistically significant for the detection of noncoding RNAs}",
author={Rivas, E. and Eddy, S. R.} ,
journal={Bioinformatics},
year={2000},
volume={16},
number={7},
pages={583-605},
keywords={},
doi={},
ISSN={}, }

@Article{qrna,
title="{Noncoding RNA gene detection using comparative sequence analysis}",
author={Rivas, E. and Eddy, S. R.} ,
journal={BMC Bioinformatics},
year={2001},
volume={2},
number={},
pages={8},
keywords={},
doi={},
ISSN={}, }

@Article{rnastructure,
title="{RNAstructure: software for RNA secondary structure prediction and analysis}",
author={Reuter, J. S. and Mathews, D. H.} ,
journal={BMC Bioinformatics},
year={2010},
volume={11},
number={},
pages={129},
keywords={},
doi={},
ISSN={}, }

@Article{zuker2003,
title="{Mfold web server for nucleic acid folding and hybridization prediction}",
author={Zuker, M.} ,
journal={Nucleic Acids Res.},
year={2003},
volume={31},
number={13},
pages={3406-3415},
keywords={},
doi={},
ISSN={}, }

@Article{bonhoeffer1993,
title="{RNA multi-structure landscapes: A study based on temperature partition functions}",
author={Bonhoeffer, S. and McCaskill, J. S. and Stadler, P. F. and Schuster, P.} ,
journal={Eur. Biophys. J.},
year={1993},
volume={22},
number={},
pages={13-24},
keywords={},
doi={},
ISSN={}, }

@Article{cupal1997,
title="{Density of states, metastable states, and saddle points exploring the energy landscape of an RNA molecule}",
author={Cupal J. and Flamm, C. and Renner, A. and Stadler, P. F.} ,
journal={Proc. Int. Conf. Intell. Syst. Mol. Biol.},
year={1997},
volume={5},
number={},
pages={88-91},
keywords={},
doi={},
ISSN={}, }



@Article{mccaskill1990,
title="{The Equilibrium Partition Function and Base Pair Binding Probabilities for RNA Secondary Structure}",
author={McCaskill, J. S. } ,
journal={Bioploymers},
year={1990},
volume={29},
number={},
pages={1105-1119},
keywords={},
doi={},
ISSN={}, }

@Article{pfold,
title="{Pfold: RNA secondary structure prediction using stochastic context-free grammars}",
author={Knudsen, B. and Hein, J. } ,
journal={Nucleic Acids Research},
year={2003},
volume={31},
number={13},
pages={3423-3428},
keywords={},
doi={},
ISSN={}, }

@Article{veinnarna2008,
title="{The Vienna RNA websuite}",
author={Gruber, A. R. and Lorenz, R. and Bernhart, S. H. and Neubock, R. and Hofacker, I. L.} ,
journal={Nucleic Acids Res.},
year={2008},
volume={36},
number={},
pages={W70-W74},
keywords={},
doi={},
ISSN={}, }

@Article{gardner2004,
title="{A comprehensive comparison of comparative RNA structure prediction approaches}",
author={Gardner, P. P. and Giegerich, R.} ,
journal={BMC Bioinformatics},
year={2004},
volume={5},
number={},
pages={140-157},
keywords={},
doi={},
ISSN={}, }

@Article{dengroux2009,
title="{Computations of standard binding free energies with molecular dynamics simulations}",
author={Deng, Y. and Roux, B.} ,
journal={J. Phys. Chem. B},
year={2009},
volume={113},
number={},
pages={2234-2246},
keywords={},
doi={},
ISSN={}, }

@Article{aqvist2003,
title="{Free Energy Calculations and Ligand Binding}",
author={Brandsdal, B. O. and sterberg, F. and Almlf, M. and Feierberg, I. and
Luzhkov, V. B. and qvist, J.} ,
journal={Advances in Protein Chemistry},
year={2003},
volume={66},
number={},
pages={123-158},
keywords={},
doi={},
ISSN={}, }


@Article{foloppehubbard2006,
title="{Towards predictive ligand design with free-energy based computational methods?}",
author={Foloppe, N. and Hubbard, R.} ,
journal={Curr. Med. Chem.},
year={2006},
volume={13},
number={29},
pages={3583-3608},
keywords={},
doi={},
ISSN={}, }

@Article{wangkollman2001,
title="{Use of MM-PBSA in reproducing the binding free energies to HIV-1 RT of TIBO derivatives and predicting the binding mode to HIV-1 RT of efavirenz by docking and MM-PBSA}",
author={Wang, J. and Morin, P. and Wang, W. and Kollman, P. A.} ,
journal={J. Am. Chem. Soc.},
year={2001},
volume={123},
number={22},
pages={5221-5230},
keywords={},
doi={},
ISSN={}, }

@Article{swanson2004,
title="{Revisiting Free Energy Calculations: A theoretical connection to MM/PBSA and direct calculation of the association free energy}",
author={Swanson, J. M. J. and Henchman, R. H. and McCammon, J. A.} ,
journal={Biophysical J.},
year={2004},
volume={86},
number={1},
pages={67-74},
keywords={},
doi={},
ISSN={}, }

@Article{adcock2006,
title="{Molecular Dynamics : Survey of methods for simulating the activity of proteins}",
author={Adcock, S. A. and McCammon, J. A.} ,
journal={Chemical Reviews},
year={2006},
volume={106},
number={5},
pages={1589-1615},
keywords={},
doi={},
ISSN={}, }

@Article{das2008,
title="{Macromolecular modeling with Rossetta}",
author={Da, R. and Baker, D.} ,
journal={Annual Review of Biochemistry},
year={2008},
volume={77},
number={},
pages={363-382},
keywords={},
doi={},
ISSN={}, }

@Article{meinke2009,
title="{Computer simulation of proteins: thermodynamics and structure prediction}",
author={Meinke, J. H. and Mohanty, S. and Nadler, W. and Zimmermann, O. and Hansmann, U. H. E.} ,
journal={European Physical Journal D.},
year={2009},
volume={51},
number={},
pages={33-40},
keywords={},
doi={},
ISSN={}, }

@Article{dill2008,
title="{The Protein Folding Problem}",
author={Dill, K. A. and Ozkan, S. B. and Shell, M. S. and Weikl, T. R},
journal={Annual Review of Biophysics},
year={2008},
volume={37},
number={},
pages={289-316},
keywords={},
doi={},
ISSN={}, }

@Article{sadowski2009,
title="{The sequence-structure relationship and protein function prediction}",
author={Sadowski, M. I. and Jones, D. T.},
journal={Curr. Op. Struct. Biol},
year={2009},
volume={19},
number={},
pages={357-362},
keywords={},
doi={},
ISSN={}, }




@Article{bsc0-ff,
title="{Refinement of the AMBER force field for nucleic acids: improving the description of alpha/gamma conformers}",
author={Prez, A. and Marchn, I. and Svozil, D. and Sponer, J. and Cheatham, T. E. 3rd. and Laughton,  C. A. and Orozco, M.} ,
journal={Biophys. J.},
year={2007},
volume={92},
number={11},
pages={3817-3829},
keywords={},
doi={},
ISSN={}, }

@Article{amber,
title="{The Amber biomolecular simulation programs}",
author={Case, D. A. and Cheatham, III T. E., Darden T. and Gohlke, H. and Luo, R. and Merz, Jr. K. M. and Onufriev, A. and Simmerling, C. and . Wang, B. and Woods, R.} ,
journal={J. Computat. Chem.},
year={2005},
volume={26},
number={},
pages={1668-1688},
keywords={},
doi={},
ISSN={}, }

@Article{onuchic1997,
title="{Theory of protein folding: The energy landscape perspective}",
author={Onuchic, J. N. and Wolynes, P. G.} ,
journal={Annu. Rev. Phys. Chem.},
year={1997},
volume={48},
number={},
pages={543-600},
keywords={},
doi={},
ISSN={}, }

@Article{kimpre2002,
title="{Random Energy Model for dynamics in supercooled liquids: N dependence}",
author={Keyes, T. and Chowdhary, J. and Kim, J.} ,
journal={Phys. Rev. E},
year={2002},
volume={66},
number={},
pages={051110},
keywords={},
doi={},
ISSN={}, }




@Article{kimjcp2004,
title="{On the mechanism of reorientational and structural relaxation in supercooled liquids: The role of border dynamics and cooperativity}",
author={Kim, J. and Keyes, T.} ,
journal={J. Chem. Phys.},
year={2004},
volume={121},
number={},
pages={4237},
keywords={},
doi={},
ISSN={}, }

@Article{corti1997,
title="{Constraints, metastability, and inherent structures in liquids}",
author={Corti, D. S. and Debenedetti, P. G. and Sastry, S. and Stillinger, F. H.} ,
journal={Phys. Rev. E},
year={1997},
volume={55},
number={5},
pages={5522-5533},
keywords={},
doi={},
ISSN={}, }


@Article{wolynes2001,
title="{Landscape, Funnels, Glasses, and Folding : From Metaphor to Software}",
author={Wolynes, P. G.} ,
journal={Proceedings of American Philosophical Society},
year={2001},
volume={145},
number={4},
pages={555-563},
keywords={},
doi={},
ISSN={}, }

@Article{bryngelson1989,
title="{Intermediates and barrier crossing in a Random Energy Model (with application to protein folding)}",
author={Bryngelson, J. D. and Wolynes, P. G.} ,
journal={J. Phys. Chem.},
year={1989},
volume={93},
number={},
pages={6902-6915},
keywords={},
doi={},
ISSN={}, }

@Article{sugita1999,
title="{Replica-exchange molecular dynamics method for protein folding}",
author={Sugita, Y. and Okamoto, Y.} ,
journal={Chemical Physics Letter},
year={1999},
volume={314},
number={},
pages={141-151},
keywords={},
doi={},
ISSN={}, }

@Article{hansmann1997,
title="{Parallel tempering algorithm for conformational studies of biological molecules}",
author={Hansmann, U. H. E.} ,
journal={Chemical Physics Letter},
year={1997},
volume={281},
number={},
pages={140-150},
keywords={},
doi={},
ISSN={}, }

@INPROCEEDINGS{ecmls10,
title="{Exploring the RNA Folding Energy Landscape Using Scalable Distributed Cyberinfrastructure}",
author={Kim, J. and Huang, W. and Maddineni, S. and Aboul-ela, F. and Jha, S.},
booktitle={ACM International Symposium on High Performance Distributed Computing (HPDC2010)},
year={2010},
month={June},
volume={},
number={},
pages={},
doi={10.1109/GPC.2009.17},
ISSN={}, }


@Article{huangnar2009,
title="{A mechanism for S-adenosyl methionine assisted formation of a riboswitch conformation: a small molecule with a strong arm}",
author={Huang, W. and Kim, J. and Jha, S. and Aboul-ela, F.} ,
journal={Nucleic Acids Res.},
year={2009},
volume={37},
number={19},
pages={6528-6539},
keywords={},
doi={},
ISSN={}, }

@Article{draper2005,
title="{Ions and RNA folding}",
author={Draper, D. E. and Grilley, D. and Soto, A. M.} ,
journal={Annu. Rev. Biophys. Biomol. Struct.},
year={2005},
volume={34},
number={},
pages={221-243},
keywords={},
doi={},
ISSN={}, }

@Article{larson2008,
title="{Applied Force reveals mechanistic and energetic details of transcription termination}",
author={Larson, M. H. and Greenleaf, W. J. and Landick, R. and Block, S. M.} ,
journal={Cell},
year={2008},
volume={132},
number={},
pages={971-982},
keywords={},
doi={},
ISSN={}, }

@Article{mcdowell2006,
title="{molecular dynamics simulations of RNA: An in silico single molecule approach}",
author={McDowell, S. E. and Spackova, N. and Sponer, J. and Walter, N. G.} ,
journal={Biopolymers},
year={2006},
volume={85},
number={},
pages={169-184},
keywords={},
doi={},
ISSN={}, }

@Article{beck2007,
title="{exploring the energy landscape of protein folding using replica-exchange and conventional molecular dynamics simulations}",
author={Beck, D. A. and White, G. W. N. and Daggett, V.} ,
journal={J. Struct. Biol.},
year={2007},
volume={157},
number={3},
pages={514-523},
keywords={},
doi={},
ISSN={}, }

@Article{jarzynski2009,
title="{Replica Exchange with nonequilibrium switches}",
author={Ballard, A. J. and Jarzynski, C.} ,
journal={Proc. Natl. Acad. Sci., USA},
year={2009},
volume={106},
number={},
pages={12224-12229},
keywords={},
doi={10.1073/pnas.0900406106},
ISSN={}, }


@Article{Huang2007,
title="{Replica Exchange with Solute Tempering : Efficiency in Large Scale Systems}",
author={Huang, X. and Hagen, M. and Kim, B. and Friesner, R. A. and Zhou, R. and Berne, B. J.} ,
journal={J. Phys. Chem. B},
year={2007},
volume={111},
number={19},
pages={5405-5410},
keywords={},
doi={},
ISSN={}, }

@Article{yao2009,
title="{Topological Methods for Exploring Low-density States in Biomolecular Folding Pathways}",
author={Yao, Y. and Sun, J. and Huang, X. and Bowman, G. R. and Singh, G. and Lesnick, M. and Guibas, L. J. and Pande, V. J. and Garlsson, G.} ,
journal={J. Chem. Phys.},
year={2009},
volume={130},
number={14},
pages={144115},
keywords={},
doi={},
ISSN={}, }

@Article{wales2006,
title="{Potential Energy and Free Energy Landscape}",
author={Wales, D. J. and Bogdan, T. V.} ,
journal={J. Phys. Chem. B},
year={2006},
volume={110},
number={42},
pages={20765-20776},
keywords={},
doi={},
ISSN={}, }

@Article{dobson2003,
title="{Protein folding and misfolding}",
author={Dobson, C. M.} ,
journal={Nature},
year={2003},
volume={426},
number={},
pages={884-890},
keywords={},
doi={},
ISSN={}, }

@Article{hyeon2008,
title="{Multiple Probes are required to explore and control the rugged energy landscape of RNA hairpins}",
author={Hyeon, C. and Thirumalai, D.} ,
journal={J. Am. Chem. Soc.},
year={2008},
volume={130},
number={},
pages={1538-1539},
keywords={},
doi={},
ISSN={}, }

@Article{chen-dill2000,
title="{RNA folding energy landscapes}",
author={Chen, S. and Dill, K. A.} ,
journal={Proc. Natl. Acad. Sci., USA},
year={2000},
volume={97},
number={2},
pages={646-651},
keywords={},
doi={},
ISSN={}, }

@Article{brenowitz2008,
title="{Energy barriers, pathways and dynamics during folding of large, multi-domain RNAs}",
author={Shcherbakova, I. and Mitra, S. and Laederach, A. and Brenowitz, M.} ,
journal={Curr. Opin. Chem. Biol.},
year={2008},
volume={12},
number={6},
pages={655-666},
keywords={},
doi={},
ISSN={}, }

@Article{herschlag-nature-2010,
title="{Multiple native states reveal persistent ruggedness of an RNA folding landscape}",
author={Solomatin, S. and Greenfeld, M. and Chu, S. and Herschlag, D.} ,
journal={Nature},
year={2010},
volume={463},
number={},
pages={681-684},
keywords={},
doi={},
ISSN={}, }


@Article{ma2006,
title="{Exploring the energy landscpae of a small RNA hairpin}",
author={Ma, H. and Proctor, D. J. and Kierzek, E.  and Kerzek, R. and Bevilacqua, P. C. and Gruebele, M.} ,
journal={J. Am. Chem. Soc.},
year={2006},
volume={128},
number={},
pages={1523-1530},
keywords={},
doi={},
ISSN={}, }



@Article{mackerell2008,
title="{Molecular dynamics simulations of nucleic acid-protein complexes}",
author={MacKerell Jr, A. D. and Nilsson, L.} ,
journal={Curr. Opin. Struct. Biol.},
year={2008},
volume={18},
number={},
pages={194-199},
keywords={},
doi={},
ISSN={}, }

@Article{case2001,
title="{Calculations of the Absolute Free Energies of Binding between RNA and Metal ions using molecular dynamics simulations and continuum electrostatics}",
author={Tsui, V. and Case, D. A.} ,
journal={J. Phys. Chem. B},
year={2001},
volume={105},
number={45},
pages={11314-11325},
keywords={},
doi={},
ISSN={}, }



@Article{parisien2008,
title="{The MC-Fold and MC-sym pipeline infers RNA structure from sequence data}",
author={Parisien, M. and Major, F.} ,
journal={Nature},
year={2008},
volume={452},
number={},
pages={51-55},
keywords={},
doi={},
ISSN={}, }

@Article{xin2008,
title="{Annotation of tertiary interactions in RNA structures reveals variations and correlations}",
author={Xin, Y. and Laing, C. and Leontis, N. B. and Schlick, T.} ,
journal={RNA},
year={2008},
volume={14},
number={},
pages={2465-2477},
keywords={},
doi={},
ISSN={}, }

@Article{hendrix2006,
title="{RNA structural motifs: building blocks of a modular biomoecule}",
author={Hendrix, D. K. and Brenner, S. E. and Holbrook, S. R.} ,
journal={Quarterly Reviews of Biophysics},
year={2008},
volume={38},
number={3},
pages={221-243},
keywords={},
doi={},
ISSN={}, }

@Article{holbrook2008,
title="{Structural principles from large RNAs}",
author={Holbrook, S. R.} ,
journal={Annual Review of Biophysics},
year={2008},
volume={37},
number={},
pages={445-464},
keywords={},
doi={},
ISSN={}, }

@Article{jossinet2005,
title="{Sequence to Structure (S2S) : display, manipulate and interconnect RNA data from sequence to structure}",
author={Jossinet, F. and Westhof, E.} ,
journal={Bioinformatics},
year={2005},
volume={21},
number={15},
pages={3320-3321},
keywords={},
doi={},
ISSN={}, }



@Article{parisien2009,
title="{New metrics for comparing and assessing discrepancies between RNA 3D structures and models}",
author={Parisien, M. and Cruz, J. A. and Westhof, E. and Major, F.} ,
journal={RNA},
year={2009},
volume={15},
number={},
pages={1875-1885},
keywords={},
doi={},
ISSN={}, }

@inbook{leontis,
  author =	 {Nasalean, L. and Stombaugh, J. and Zirbel, C. L. and Leonits, N. B.},
  title = "{RNA 3D Structure Motifs: Definitions, Identifications, Annotation, and Database Searching}",
  booktitle =	 "Non-protein coding RNAs",
  chapter =	 "I",
  pages =	 {1-26},
  address =	 "Berlin Heidelberg",
  publisher =	 "Springer-Verlag",
  year =	 2009
}

@article{ndb,
  author =	 {Berman, H. M. and Olson, W. K. and Beveridge, D. L. and Westbrook, J. and Gelbin, A. and Demeny, T. and Hsieh, S. H. Srinivasan, A. R. and Schneider, B.},
  title = "{The nucleic acid database: a comprehensive relational database of three-dimensional structures of nucleic acids}",
  journal ={Biophysical J.},
  volume={63},
  pages =	 {751-759},
  year ="1992"
}

@article{pdb,
  author =	 {Berman, H. M. and Westbrook, J. and Feng, Z. and Gilliland, G. and Bhat, T. N. and Weissig, H. and Shindyalov, I. N. and Bourne, P.E.},
  title = "{The Protein Data Bank}",
  journal ={Nucleic Acids Res.},
  volume={28},
  pages =	 {235-242},
  year ="2000"
}

@inbook{auffinger2006,
  author =	 {Auffinger, P.},
  title =	 "{Computational studies of RNA and DNA}",
  chapter =	 "11",
  pages =	 "283-300",
  address =	 "Dordrecht, The Netherlands",
  publisher =	 "Springer",
  year =	 2006
}

@article{wakeman2009,
title="{Analysis of the RNA backbone: structural analysis of riboswitches by in-line probing and selective 2'-hydroxyl acylation and primer extension}",
author={Wakeman, C. A. and Winkler, W. C.}, 
journal={Methods Mol. Biol.},
year={2009},
volume={540},
number={},
pages={173-191},
keywords={},
doi={},
ISSN={}, }


@Article{wilkinson2008,
title="{High-Throughput SHAPE Analysis Reveals Structures in HIV-1 genome RNA strongly conserved across distinct biological states}",
author={Wilkinson, K. A. and Gorelick, R. J. and Vasa, S. M. and Guex, N. and Rein, A. and Mathews, D. H. and Giddings, M. C. and Weeks, K. M.}, 
journal={PLoS Biology},
year={2008},
volume={6},
number={4},
pages={e96},
keywords={},
doi={},
ISSN={}, }




@Article{watts2009,
title="{Architecture and secondary structure of an entire HIV-1 RNA genome}",
author={Watts, J. M. and Dang, K. K. and Gorelick, R. J. and Leonard, C. W. and Bess Jr., J. W. and Swanstrom, R. and Burch, C. L. and Weeks, K. M.}, 
journal={Nature},
year={2009},
volume={460},
number={},
pages={711-716},
keywords={},
doi={},
ISSN={}, }

@Article{merino2005,
title="{RNA structure analysis at single nucleotide resolution by selective 2'-hydroxyl acylation and primer extension (SHAPE)}",
author={Merino, E. J. and Wilkinson, K. A. and Coughlan, J. L. and Weeks, K. M.}, 
journal={J. Am. Chem. Soc.},
year={2005},
volume={127},
number={},
pages={4223-4231},
keywords={},
doi={},
ISSN={}, }

@Article{fareed1996,
title="{Structure of HIV-1 TAR RNA in the absence of ligands reveals a novel conformation of the trinucleotide bulge}",
author={Aboul-ela, F. and Karn, J. and Varani, G.}, 
journal={Nucleic Acids Res.},
year={1996},
volume={24},
number={},
pages={3974-3981},
keywords={},
doi={},
ISSN={}, }

@Article{turner2008,
title="{NMR-Assisted Prediction of RNA Secondary Structure: Identification of a Probable Pseudoknot in the Coding Region of an R2 Retrotransposon}",
author={Hart, J. M. and Kennedy, S. D. and Mathews, D. H. and Turner, D. H.}, 
journal={J. Am. Chem. Soc.},
year={2008},
volume={130},
number={},
pages={10233-10239},
keywords={},
doi={},
ISSN={}, }


@Article{collier2002,
title="{A conserved RNA structure within the HCV IRES elF3-binding site}",
author={Collier, A. J. and Gallego, J. and Klinck, R. and Cole, P. T. and Harris, S. J. and Harrison, G. P. and Aboul-ela, F. and Varani, G. and Walker, S.}, 
journal={Nature Struct. Biology},
year={2002},
volume={9},
number={5},
pages={375-380},
keywords={},
doi={},
}

@misc{gridchem,
        author = {GridChem},
        note = {{http://www.gridchem.org}}
}

@conference{jha2009developing,
  title="{Developing Scientific Applications with Loosely-Coupled Sub-tasks}",
  author={Jha, S. and El-Khamra, Y. and Kim, J.},
  booktitle={Proceedings of the 9th International Conference on Computational Science: Part I},
  pages={650},
  year={2009},
  organization={Springer}
}

@inproceedings{dare-tg11,
 author = {Kim, Joohyun and Maddineni, Sharath and Jha, Shantenu},
 title = {Building gateways for life-science applications using the dynamic application runtime environment (DARE) framework},
 booktitle = {Proceedings of the 2011 TeraGrid Conference: Extreme Digital Discovery},
 series = {TG '11},
 year = {2011},
 isbn = {978-1-4503-0888-5},
 location = {Salt Lake City, Utah},
 pages = {38:1--38:8},
 articleno = {38},
 numpages = {8},
 url = {http://doi.acm.org/10.1145/2016741.2016782},
 doi = {http://doi.acm.org/10.1145/2016741.2016782},
 acmid = {2016782},
 publisher = {ACM},
 address = {New York, NY, USA},
 keywords = {data-intensive computing, distributed computing, pilot-job abstraction, runtime environment, science gateway, simple API for grid applications (SAGA)},
} 

@misc{dare-ecmls11, note = {Kim, S Maddineni, S Jha{$^*$},''
                  Characterizing Deep Sequencing Analytics Using
                  BFAST: Towards a Scalable Distributed Architecture
                  for Next-Generation Sequencing Data'', accepted for
                  Emerging Computational Methods in the Life Sciences
                  2011, workshop held in conjunction with HPDC-2011}}



@inproceedings{escience07,
author = {Jha, S. and Kaiser, H. and El Khamra, Y. and Weidner, O.},
title = "{Design and Implementation of Network Performance Aware Applications Using SAGA and Cactus}",
year = {2007},
booktitle = { Accepted for 3rd IEEE Conference on eScience2007 and Grid Computing, Bangalore, India.},
url = {http://saga.cct.lsu.edu/publications/saga_cactus_escience.pdf},
} 

@misc{saga-web,
        author = {{SAGA - A Simple API for Grid Applications}},
        note  = {http://saga.cct.lsu.edu/}
}

@misc{saga-papers,
        author = {{SAGA Publications}},
        note  = {http://saga.cct.lsu.edu/publications/}
}


@article{KalmanPaper,
	author = {Kalman, R. E. },
	citeulike-article-id = {347166},
	keywords = {ee520, filtering, kalman-filtering},
	posted-at = {2005-10-10 20:28:49},
	priority = {2},
	title = {A New Approach to Linear Filtering
and Prediction Problems},
	url = {http://www.cs.unc.edu/~welch/kalman/media/pdf/Kalman1960.pdf}
}

@Article{saga-royalsoc,
author = {Luckow, A. and Jha, S. and Kim, J. and Merzky, A. and Schnor, B.},
title="{Adaptive distributed replica-exchange simulations}",
journal = {Philosophical Transactions of the Royal Society A: Mathematical,Physical and Engineering Sciences},
volume = {367},
number = {1897},
pages = {2595-2606},
doi = {10.1098/rsta.2009.0051},
year = {2009},
URL = {http://rsta.royalsocietypublishing.org/content/367/1897/2595.abstract},
eprint = {http://rsta.royalsocietypublishing.org/content/367/1897/2595.full.pdf+html}
}

@misc{coupled,
author = {Ko, S. and Kim, N. and Kim, J. and Thota, A. and Jha, S.},
title="{Efficient Runtime Environment for Coupled Multi-Physics Simulations: Dynamic Resource Allocation and Load-Balancing}",
note = {accepted in IEEE CCGrid 2010},

}
@inproceedings{saga-iccs09, 
 title= "{Developing Scientific Applications with Loosely-Coupled Sub-tasks}", 
 author={Jha, S. and {\it et al}},
 pages = {641-650}, 
 booktitle = {Lecture Notes in Computer Science},
 organization={ICCS}, 
 year = "2009",
url = {http://www.springerlink.com/content/ar627g7734052382},
}



@misc{jhajctc09, note = {H. Martin, S. Jha, P. V. Coveney and S.
                  Howorka, ``Determination of Free Energy Profiles for
                  Translocation of Nucleic Acid Polymers throught
                  $\alpha$HL Nanopores from Non-Equilibrium Molecular
                  Dynamics Simulations'', Journal of Chemical Theory
                  and Computation, 5, (8), 2135-2148,
                  (2009). \url{DOI: 10.1021/ct9000894}. (Cover
                  Article)}}


@article{jayachandran06,
  author = {Jayachandran, G. and Shirts, M. R. and Park, S. and Pande, V. S.},
  collaboration = {},
  title = "{Parallelized-over-parts computation of absolute binding free energy with docking and molecular dynamics}",
  publisher = {AIP}, 
  year = {2006},
  journal = {The Journal of Chemical Physics},
  volume = {125},
  number = {8},
  eid = {084901}, 
  numpages = {12},
  pages = {084901},
  keywords = {proteins; macromolecules; molecular biophysics; free energy; molecular dynamics method; inhibitors},
  url = {http://link.aip.org/link/?JCP/125/084901/1},
  doi = {10.1063/1.2221680}
}

@article{yang09, 
author={Yang, W.}, 
title="{Quantitative computer simulations of biomoecules: A snapshot}", 
journal={Journal of Computational Chemistry},
volume={29},
number= {4},
pages={667-672},
year="2009",
}

@article{coveneyahm09,
  author = {Saksena, R. S. and Boghosian, B. and Fazendeiro,
                  L. and Kenway, O. A. and Manos, S. and
                  Mazzeo, M. D. and Sadiq, S. K. and Suter,
                  J. L. and Wright, D. and Coveney, P. V.},
  title="{Real science at the petascale}",
  journal = {Philosophical Transactions of the Royal Society A: Mathematical},
  volume = {367},
  number = {1897},
  pages = {2557-2571},
  doi = {10.1098/rsta.2009.0049},
  year = {2009},
}

@article{coveney2008,
  author = {Sadiq, S. K. and Wright, D. and Watson, S. J. and Zasada, S. J. and Stoica, I. and Coveney, P. V.},
  title="{Automated Molecular Simulations Based Binding Affinity Calculator for Ligand-bound HIV-1 Proteases}",
  journal = {J. Chem. Inf. Model},
  volume = {48},
  number = {},
  pages = {1909-1919},
  doi = {},
  year = {2008},
}

@inproceedings{jhasc05, 
author={Jha, S. and Harvey, M. and Coveney, P. V.}, 
title="{Simulated Pore Interactive Computing Environment}", 
booktitle={Proceedings of 2005 ACM/IEEE Conference on Supercomputing}, 
pages = {70},
year = {2005},
doi = {},
}



@article{jhajctc07, 
  author = {Fowler, P. W. and Geroult, S. and Jha, S. and Waksman, G. and Coveney, P. V.},
  title = "{Rapid, Accurate, and Precise Calculation of Relative Binding Affinities for the SH2 Domain Using a Computational Grid.}",
 journal = {J.  Chem. Theor. Comput. },
 year = "2007",
 pages = {1193-1202},
 }

@article{lentzen03, 
author = {Lentzen, G. and Klinck, R. and Matassova, N. and Aboul-ela, F. and Murchie, A. I. H.},
year= "2003",
title="{Structural basis for contrasting activities of ribosome-binding thiazole antibiotics}",
journal={Chemistry and Biology},
volume= {10},
number={8},
pages={769-778},
}

@article{foldingAtHome,
  author = {Beberg, A. L. and Ensign, D. L. and Jayachandran, G and Khaliq, S. and Pande, V. S.},
  title = "{Folding@home: Lessons from eight years of volunteer distributed computing}",
  journal ={Parallel and Distributed Processing Symposium, International},
  volume = {},
  isbn = {978-1-4244-3751-1},
  year = {2009},
  pages = {1-8},
  doi = {http://doi.ieeecomputersociety.org/10.1109/IPDPS.2009.5160922},
  publisher = {IEEE Computer Society},
  address = {Los Alamitos, CA, USA},
}

@conference{BOINC,
  author = {Anderson, D. P.},
  title = "{BOINC: A system for public-resource computing and storage}", 
  year="2004",
  booktitle={5th IEEE/ACM International Workshop on Grid Computing},
  pages={365-372},
  address={Pittsburgh, PA, USA}
}

@article{jhajcc05, 
  author = {Jha, S. and Coveney, P. V. and Laughton, C.},
  title = "{Force Field Validation for Nucleic Acid Simulations: Comparing Energy and Dynamics of a DNA Dodecamer}",
  journal = {J. Comput. Chem.},
  volume = {26},
  issue = {15}, 
  pages = {1617-1627}, 
  year = "2005" ,
  doi = {10.1002/jcc.20300}
  }
  
  @Article{heppell-biochemistry-2008,
  title="{Folding of the SAM aptamer is determined by the formation of a K-turn-dependent pseudoknot.}",
  author={Heppell, B. and Lafontaine, D. A.} ,
  journal={Biochemistry},
  year={2008},
  volume={47},
  number={},
  pages={1490-1499},
  keywords={},
  doi={},
  ISSN={}, }

@Article{casp8,
  title="{Critical assessment of methods of protein structure prediction - Round VIII}",
  author={Moult, J. and Fidelis, K. and Kryshtafovych, A. and Rost, B. and Tramontano, A.} ,
  journal={Proteins},
  year={2009},
  volume={77},
  number={S9},
  pages={1-4},
  keywords={},
  doi={},
  ISSN={}, }

@Article{capri2007,
title="{From the Mediterranean coast to the shores of Lake Ontario: CAPRI's premiere on the American continent}",
author={Wodak, S. J.} ,
journal={Proteins},
year={2007},
volume={69},
number={4},
pages={697-698},
keywords={},
doi={},
ISSN={}, }

@Article{varani1996,
title="{NMR investigation of RNA structure }",
author={Varani, G. and Aboul-ela, F. and Allain, F. H.T.} ,
journal={Progress in Nuclear Magnetic Resonance Spectroscopy},
year={1996},
volume={29},
number={},
pages={51-127},
keywords={},
doi={},
ISSN={}, }

@Article{scop,
title="{Data growth and its impact on the SCOP database: new developments }",
author={Andreeva, A. and Howorth, D. and Chandonia, J.M. and Brenner, S. E. and Hubbard, 
T. J. P. and Chothia, C. and Murzin, A. G. } ,
journal={Nucl. Acids Res.},
year={2008},
volume={36},
number={},
pages={D419-D425},
keywords={},
doi={},
ISSN={}, }

@article{jccparashar, 
author ={Gallicchio, E. and Levy,  R.M. and Parashar,  R.M. },
title ="{Asynchronous Replica Exchange for Molecular Simulations}",
journal = {J. Comp. Chem.}, 
volume = {29}, 
pages={788-794},
year = "2008",
doi={10.1002/jcc.20839}}

@misc{cf21, note = {Roskoski, J. P. and et al. "Cyberinfrastructure Framework for 21st Science and Engineering", NSF, 2009}}

@misc{tg11, note = {submitted to Teragrid 2011 Conference}}

@misc{dareurl, note={http://dare.cct.lsu.edu}}
@misc{pylonsurl, note={http://pylonshq.com}}

@misc{tg, note={http://www.teragrid.org}}
@misc{loni, note={http://www.loni.org}}

@misc{rfam, note={http://rfam.sanger.ac.uk}}

@misc{eucaurl, note={http://open.eucalyptus.com/}}

@article {futuregrid,
	title = {FutureGrid and Applications},
	year = {2009},
	month = {12},
	type = {Presentation},
	address = {Indiana University Innovation Center},
	author = {Geoffrey C. Fox}
}



@misc{bodor2009, note = {Bodoor, K., Boyapati, V., Gopu, V., Boisdore,
                  M., Allam, K., Miller, J., Treleaven, W. D.,
                  Weldeghiorghis, T. \& Aboul-ela, F., Design and
                  Implementation of an Ribonucleic Acid (RNA) Directed
                  Fragment Library, Journal of Medicinal Chemistry,
                  52, 3753-3761 2009
                  http://dx.doi.org/10.1021/jm9000659}}


@INPROCEEDINGS{saga-ccgrid10,
title={SAGA BigJob: An Extensible and Interoperable Pilot-Job
                  Abstraction for Distributed Applications and
                  Systems},
author={A. Luckow and L. Lacinski and S. Jha},
booktitle={The 10th IEEE/ACM International Symposium on Cluster, Cloud
                  and Grid Computing},
year={2010},
volume={},
number={},
keywords={grid computing, application level interoperability,
                  distributed applications, distributed
                  infrastructure, high-level programming interface},
ISSN={}, }



@misc{abstractions-azure, note = {A Luckow and S. Jha{$^*$},
                  ``Astractions for Loosely-Coupled and Ensemble-based
                  Simulations on Microsoft Azure'', accepted for IEEE
                  CloudCom (Dec 2010)}}

