@article{1239909,
	Address = {Amsterdam, The Netherlands, The Netherlands},
	Author = {Casanova, Henri and Obertelli, Graziano and Berman, Francine and Wolski, Richard},
	Date-Added = {2009-11-13 19:22:24 +0100},
	Date-Modified = {2009-11-14 22:37:24 +0100},
	Issn = {1058-9244},
	Journal = {Sci. Program.},
	Number = {3},
	Pages = {111--126},
	Publisher = {IOS Press},
	Title = {The AppLeS Parameter Sweep Template: User-level middleware for the Grid},
	Volume = {8},
	Year = {2000}}
	
@INPROCEEDINGS{saga_bigjob_condor_cloud,
title={SAGA BigJob: An Extensible and Interoperable Pilot-Job
  Abstraction for Distributed Applications and Systems},
author={A. Luckow and L. Lacinski and S. Jha},
booktitle={The 10th IEEE/ACM International Symposium on Cluster, Cloud and Grid Computing},
year={2010},
volume={},
number={},
keywords={grid computing, application level interoperability, distributed applications, distributed infrastructure, high-level programming interface},
ISSN={}, }

@INPROCEEDINGS{saga_grid_cloud_interop,
title={Application Level Interoperability between Clouds and Grids},
author={Merzky, A. and Stamou, K. and Jha, S.},
booktitle={Grid and Pervasive Computing Conference, 2009. GPC '09. Workshops at the},
year={2009},
month={May},
volume={},
number={},
pages={143-150},
keywords={grid computing, open systems,SAGA-MapReduce, application level interoperability, distributed applications, distributed infrastructure, high-level programming interface},
doi={10.1109/GPC.2009.17},
ISSN={}, }

@misc{saga-req,
        Author = {Andre Merzky and Shantenu Jha},
        Date-Added = {2008-02-24 20:36:03 -0600},
        Date-Modified = {2008-02-24 20:36:03 -0600},
        Howpublished = {Grid Forum Document GFD.71},
        Note = {Global Grid Forum},
        Title = {{A Requirements Analysis for a Simple API for Grid                   Applica
tions}},
        Year = 2006}

@misc{saga-uc,
        Author = {Andre Merzky and Shantenu Jha},
        Date-Added = {2008-02-24 20:35:56 -0600},
        Date-Modified = {2008-02-24 20:35:56 -0600},
        Howpublished = {Grid Forum Document GFD.70},
        Note = {Global Grid Forum},
        Title = {{A Collection of Use Cases for a                   Simple API for Grid Appli
cations}},
        Year = 2006}

@inproceedings{mapreduce,
        Address = {Berkeley, CA, USA},
        Author = {Jeffrey Dean and Sanjay Ghemawat},
        Booktitle = {OSDI'04: Proceedings of the 6th conference on
                  Symposium on Opearting Sys tems Design \&
                  Implementation},
        Date-Added = {2008-02-23 20:47:01 -0600},
        Date-Modified = {2008-05-12 23:43:10 +0200},
        Location = {San Francisco, CA},
        Pages = {137--150},
        Publisher = {USENIX Association},
        Title = {{MapReduce: Simplified Data Processing on Large Clusters}},
        Year = {2004}}

@misc{allpairs, note = {All-Pairs: An Abstraction for Data Intensive Cloud Computing, Christopher Moretti, Jared Bulosan, Douglas Thain, and Patrick Flynn, IEEE International Parallel and Distributed Processing Symposium (IPDPS), April 2008.}}

@article{sagastuff,
        Author = {Goodale, Tom and Jha, Shantenu and Kaiser, Harmut
        and Kielmann, Thilo and K leijer, Pascal and von Laszewski,
        Gregor and Lee, Craig and Merzky, Andre and Rajic, Hrabri a nd
        Shalf, John}, Date-Added = {2007-12-08 18:56:12 +0100},
        Date-Modified = {2007-12-08 18:56:12 +0100}, Journal =
        {Computational Methods in Science and Technology}, Number =
        {1}, Pages = {7-20}, Title = {{SAGA: A Simple API for Grid
        Applications, High-Level Application Programmin g on the
        Grid}}, Url =
        {http://saga.cct.lsu.edu/publications/saga_paper-a_simple_api_for_grid_applicat
        ions_sc05.pdf}, Volume = {12}, Year = {2006}, Bdsk-Url-1 =
        {http://saga.cct.lsu.edu/publications/saga_paper-a_simple_api_for_grid_a
        pplications_sc05.pdf}}

@misc{saga_gfd90,                                
author={Tom Goodale and Shantenu Jha and Hartmut Kaiser and Thilo Kielmann and Pascal Kleijer and Andre Merzky and John Shalf and Christopher Smith},
title="{A Simple API for Grid Applications (SAGA)}",
howpublished = {OGF Document Series 90,
http://www.ogf.org/documents/GFD.90.pdf}}

@inproceedings{saga_gin,
	Address = {Washington, DC, USA},
	Author = {Shantenu Jha and Hartmut Kaiser and Andre Merzky and Ole Weidner},
	Booktitle = {E-SCIENCE '07: Proceedings of the Third IEEE International Conference on e-Science and Grid Computing (e-Science 2007)},
	Date-Added = {2008-02-16 18:54:59 -0600},
	Date-Modified = {2008-02-16 18:54:59 -0600},
	Doi = {http://dx.doi.org/10.1109/E-SCIENCE.2007.39},
	Isbn = {0-7695-3064-8},
	Pages = {584--591},
	Publisher = {IEEE Computer Society},
	Title = {Grid Interoperability at the Application Level Using SAGA},
	Year = {2007},
	Bdsk-Url-1 = {http://dx.doi.org/10.1109/E-SCIENCE.2007.39}}


@misc{repex_ptrsa, note = {Adaptive Distributed Replica Exchange, {\it
Accepted for  Phil.  Transactions of the Royal Soceity London A}}}


@misc{saga_mapreduce, note={Exposing the Power of Google through SAGA, {\it Google Summer of Code} http://www.omii.ac.uk/wiki/MPGoogleSAGA}}


@misc{dpa-paper, note = {S. Jha et al., {\em Programming Abstractions
                  for Large-scale Distributed Application s}, to be
                  submitted to ACM Computing Surveys; draft at
                  \url{http://www.cct.lsu.edu/~sjha/publications/dpa_surveypaper.pdf}}}

@misc{remd-manager_url, note={https://svn.cct.lsu.edu/repos/saga-projects/applications/REMDgManager/src/main.py}}


@misc{glite, note={{http://glite.web.cern.ch/glite/}}}

@inproceedings{escience07,
 author = {Shantenu Jha and Hartmut Kaiser and Yaakoub El Khamra and Ole Weidner},
 title = {{Design and Implementation of Network Performance Aware Applications Using SAGA and Cactus}},
 booktitle = {E-SCIENCE '07: Proceedings of the Third IEEE International Conference on e-Science and Grid Computing},
 year = {2007},
 isbn = {0-7695-3064-8},
 pages = {143--150},
 doi = {http://dx.doi.org/10.1109/E-SCIENCE.2007.28},
 OPTpublisher = {IEEE Computer Society},
 OPTaddress = {Washington, DC, USA},
 }

@misc{ogf_web,
        author = {{Open Grid Forum}},
        url  = {http://www.ogf.org/}
}

@misc{DRMAA_url,
	author = {{Distributed Resource Management Application API}},
	note = {{http://drmaa.org}}
}

@misc{gridrpc_url, note = {{http://forge.ogf.org/sf/projects/gridrpc-wg}} }

@misc{saga_core_long,
	author = {{Tom Goodale, Shantenu Jha, Hartmut Kaiser, Thilo Kielmann, Pascal Kleijer, Andre Merzky, John Shalf, Christopher Smith}},
	url = {http://www.ogf.org/documents/GFD.90.pdf}
}


@misc{novelsubmissionmode,
	author = {{P. Chakraborty and S. Jha and D. Katz}},
	title = {Novel Submission Modes of Tightly-coupled Jobs Across
                  Distributed Resources}},
	url = {Accepted for Publication in Phil. Trans. of the Royal Society A}
}

@misc{saga_condor_url, note = {{http://fortytwo.cct.lsu.edu:8000/SAGA/wiki/CondorAdaptor}}}

@misc{saga_condor,
   author = {{Shantenu Jha}},
   OPTtitle = {{Being Optimally Lazy: The case for integrating SAGA
                  with Condor, Talk given at Condor Week 2008}},
   OPTurl = {http://www.cs.wisc.edu/condor/CondorWeek2008/condor\_presentations/jha\_saga.pdf},
   OPTnote = {\url{http://www.cs.wisc.edu/condor/CondorWeek2008/condor_presentations/jha_saga.pdf}},
}
