@INPROCEEDINGS{saga_bigjob_condor_cloud,
title={SAGA BigJob: An Extensible and Interoperable Pilot-Job
  Abstraction for Distributed Applications and Systems},
author={A. Luckow and L. Lacinski and S. Jha},
booktitle={The 10th IEEE/ACM International Symposium on Cluster, Cloud and Grid Computing},
year={2010},
volume={},
number={},
keywords={grid computing, application level interoperability, distributed applications, distributed infrastructure, high-level programming interface},
ISSN={}, }

@inproceedings{Kaiser:2006qp,
	Address = {Portland, OR, USA},
	Author = {Kaiser, H. and Merzky, A. and Hirmer, S. and Allen, G.},
	Booktitle = {{Object-Oriented Programming, Systems, Languages and Applications (OOPSLA'06) - Library-Centric Software Design (LCSD'06)}},
	Date-Added = {2008-03-23 21:22:46 +0100},
	Date-Modified = {2008-05-25 13:49:44 +0200},
	Howpublished = {\url{http://saga.cct.lsu.edu/publications/saga_paper-the_saga_cpp_reference_implementation_oopsla06.pdf}},
	Month = {October, 22-26},
	Title = {{The SAGA C++ Reference Implementation}},
	Year = {2006}}



@article{10.1109/MC.2008.470,
	Address = {Los Alamitos, CA, USA},
	Author = {Nancy Wilkins-Diehr and Dennis Gannon and Gerhard Klimeck and Scott Oster and Sudhakar Pamidighantam},
	Doi = {http://doi.ieeecomputersociety.org/10.1109/MC.2008.470},
	Issn = {0018-9162},
	Journal = {Computer},
	Pages = {32-41},
	Publisher = {IEEE Computer Society},
	Title = {TeraGrid Science Gateways and Their Impact on Science},
	Volume = {41},
	Year = {2008},
	Bdsk-Url-1 = {http://doi.ieeecomputersociety.org/10.1109/MC.2008.470}}



@INPROCEEDINGS{saga_grid_cloud_interop,
title={Application Level Interoperability between Clouds and Grids},
author={Merzky, A. and Stamou, K. and Jha, S.},
booktitle={Grid and Pervasive Computing Conference, 2009. GPC '09. Workshops at the},
year={2009},
month={May},
volume={},
number={},
pages={143-150},
keywords={grid computing, open systems,SAGA-MapReduce, application level interoperability, distributed applications, distributed infrastructure, high-level programming interface},
doi={10.1109/GPC.2009.17},
ISSN={}, }

@INPROCEEDINGS{saga_data_intensive_abstractions,
title={Programming Abstractions for Data Intensive Computing on Clouds and Grids},
author={Miceli, C. and Miceli, M. and Jha, S. and Kaiser, H. and Merzky, A.},
booktitle={Cluster Computing and the Grid, 2009. CCGRID '09. 9th IEEE/ACM International Symposium on},
year={2009},
month={May},
volume={},
number={},
pages={478-483},
keywords={application program interfaces, grid computing, parallel programmingMapReduce data-parallel programming model, SAGA programming interface, cloud computing, data intensive computing, data network transfer, distributed application, grid computing, programming abstraction},
doi={10.1109/CCGRID.2009.87},
ISSN={}, }

@inproceedings{gmac09,
  author = {Yaakoub El Khamra and Shantenu Jha},
  title = {Title: {Developing Autonomic Distributed Scientific Applications: A Case Study From History Matching Using Ensemble Kalman-Filters}},
  booktitle = {Workshop on Grids Meet Autonomic Computing (GMAC), Sixth International Conference on Autonomic Computing, 2009. ICAC '09 (Barcelona)},
  publisher = {IEEE},
  year = {2009},
}


@inproceedings{mapreduce,
        Address = {Berkeley, CA, USA},
        Author = {Jeffrey Dean and Sanjay Ghemawat},
        Booktitle = {OSDI'04: Proceedings of the 6th conference on
                  Symposium on Opearting Sys tems Design \&
                  Implementation},
        Date-Added = {2008-02-23 20:47:01 -0600},
        Date-Modified = {2008-05-12 23:43:10 +0200},
        Location = {San Francisco, CA},
        Pages = {137--150},
        Publisher = {USENIX Association},
        Title = {{MapReduce: Simplified Data Processing on Large Clusters}},
        Year = {2004}
}

@misc{allpairs, note = {All-Pairs: An Abstraction for Data Intensive Cloud Computing, Christopher Moretti, Jared Bulosan, Douglas Thain, and Patrick Flynn, IEEE International Parallel and Distributed Processing Symposium (IPDPS), April 2008.}}

@article{sagastuff,
        Author = {Goodale, Tom and Jha, Shantenu and Kaiser, Harmut
        and Kielmann, Thilo and K leijer, Pascal and von Laszewski,
        Gregor and Lee, Craig and Merzky, Andre and Rajic, Hrabri a nd
        Shalf, John}, Date-Added = {2007-12-08 18:56:12 +0100},
        Date-Modified = {2007-12-08 18:56:12 +0100}, Journal =
        {Computational Methods in Science and Technology}, Number =
        {1}, Pages = {7-20}, Title = {{SAGA: A Simple API for Grid
        Applications, High-Level Application Programmin g on the
        Grid}}, Url =
        {http://saga.cct.lsu.edu/publications/saga_paper-a_simple_api_for_grid_applicat
        ions_sc05.pdf}, Volume = {12}, Year = {2006}, Bdsk-Url-1 =
        {http://saga.cct.lsu.edu/publications/saga_paper-a_simple_api_for_grid_a
        pplications_sc05.pdf}}

@misc{saga_gfd90,                                
author={Tom Goodale and Shantenu Jha and Hartmut Kaiser and Thilo Kielmann and Pascal Kleijer and Andre Merzky and John Shalf and Christopher Smith},
title="{A Simple API for Grid Applications (SAGA)}",
howpublished = {OGF Document Series 90,
http://www.ogf.org/documents/GFD.90.pdf},
year=2008}

@inproceedings{saga_gin,
	Address = {Washington, DC, USA},
	Author = {Shantenu Jha and Hartmut Kaiser and Andre Merzky and Ole Weidner},
	Booktitle = {E-SCIENCE '07: Proceedings of the Third IEEE International Conference on e-Science and Grid Computing (e-Science 2007)},
	Date-Added = {2008-02-16 18:54:59 -0600},
	Date-Modified = {2008-02-16 18:54:59 -0600},
	Doi = {http://dx.doi.org/10.1109/E-SCIENCE.2007.39},
	Isbn = {0-7695-3064-8},
	Pages = {584--591},
	Publisher = {IEEE Computer Society},
	Title = {Grid Interoperability at the Application Level Using SAGA},
	Year = {2007},
	Bdsk-Url-1 = {http://dx.doi.org/10.1109/E-SCIENCE.2007.39}}

@inproceedings{saga_escience07,
        Author = {Jha, Shantenu and Kaiser, Hartmut and El Khamra, Yaakoub and Weidner, Ole},
        Booktitle = {Accepted for 3rd IEEE Conference on eScience2007
                  and Grid Computing, Ban galore, India.},
        Date-Added = {2007-12-08 18:56:12 +0100},
        Date-Modified = {2007-12-08 18:56:12 +0100},
        Title = {Design and Implementation of Network Performance
                  Aware Applications Using SA GA and Cactus},
        Url = {http://saga.cct.lsu.edu/publications/saga_cactus_escience.pdf},
        Year = {2007},
        Bdsk-Url-1 = {http://saga.cct.lsu.edu/publications/saga_cactus_escience.pdf}}

@misc{saga_tg08, note = {Developing Large-Scale Adaptive Scientific
Applications with Hard to Predict Runtime Resource Requirements, {\it
Proceedings of TeraGrid08}, available at http://tinyurl.com/5du32j}}

@misc{repex_ptrsa, note = {Adaptive Distributed Replica Exchange, {\it
Accepted for  Phil.  Transactions of the Royal Soceity London A}}}


@misc{saga_mapreduce, note={Exposing the Power of Google through SAGA, {\it Google Summer of Code} http://www.omii.ac.uk/wiki/MPGoogleSAGA}}

@misc{jsaga,
title={JSaga},
note = {\url{http://grid.in2p3.fr/jsaga/index.html}}
}

@misc{dpa-paper, note = {S. Jha et al., {\em Programming Abstractions
                  for Large-scale Distributed Applications}, 
                  submitted to ACM Computing Surveys; draft at
                  \url{http://www.cct.lsu.edu/~sjha/publications/dpa_surveypaper.pdf}}}

@misc{remd-manager_url, note={https://svn.cct.lsu.edu/repos/saga-projects/applications/REMDgManager/src/main.py}}

@misc{saga-url, author={SAGA}, year=2011, url={{http://saga.cct.lsu.edu}}}

@misc{glite, note={{http://glite.web.cern.ch/glite/}}}

@inproceedings{escience07,
 author = {Shantenu Jha and Hartmut Kaiser and Yaakoub El Khamra and Ole Weidner},
 title = {{Design and Implementation of Network Performance Aware Applications Using SAGA and Cactus}},
 booktitle = {E-SCIENCE '07: Proceedings of the Third IEEE International Conference on e-Science and Grid Computing},
 year = {2007},
 isbn = {0-7695-3064-8},
 pages = {143--150},
 doi = {http://dx.doi.org/10.1109/E-SCIENCE.2007.28},
 OPTpublisher = {IEEE Computer Society},
 OPTaddress = {Washington, DC, USA},
 }

@misc{ogf_web,
        author = {{Open Grid Forum}},
        url  = {http://www.ogf.org/}
}

@misc{DRMAA_url,
	author = {{Distributed Resource Management Application API}},
	note = {{http://drmaa.org}}
}

@misc{gridrpc_url, note = {{http://forge.ogf.org/sf/projects/gridrpc-wg}} }

@misc{saga_core_long,
	author = {{Tom Goodale, Shantenu Jha, Hartmut Kaiser, Thilo Kielmann, Pascal Kleijer, Andre Merzky, John Shalf, Christopher Smith}},
	url = {http://www.ogf.org/documents/GFD.90.pdf}
}

@misc{saga-core,
	author = {{T Goodale and {\it et al} }},
	url = {http://www.ogf.org/documents/GFD.90.pdf}
}

@misc{novelsubmissionmode,
	author = {{P. Chakraborty and S. Jha and D. Katz}},
	title = {Novel Submission Modes of Tightly-coupled Jobs Across
                  Distributed Resources}},
	url = {Accepted for Publication in Phil. Trans. of the Royal Society A}
}

@misc{saga_condor_url, note = {{http://fortytwo.cct.lsu.edu:8000/SAGA/wiki/CondorAdaptor}}}

@misc{saga_condor,
   author = {{Shantenu Jha}},
   OPTtitle = {{Being Optimally Lazy: The case for integrating SAGA
                  with Condor, Talk given at Condor Week 2008}},
   OPTurl = {http://www.cs.wisc.edu/condor/CondorWeek2008/condor\_presentations/jha\_saga.pdf},
   OPTnote = {\url{http://www.cs.wisc.edu/condor/CondorWeek2008/condor_presentations/jha_saga.pdf}},
}

@misc{LONI_web,
        author = {{Louisiana Optical Network Initiative}},
        note  = {{http://www.loni.org/}}
} 
        
@misc{buyya_hpcc, note = {Rajkumar Buyya, and et al, {\it Market-Oriented Cloud Computing: Vision, Hype, and Reality for Delivering IT Services as Computing Utilities}, Keynote Paper, Proceedings of the 10th IEEE International Conference on High Performance Computing and Communications (HPCC 2008, IEEE CS Press, Los Alamitos, CA, USA), Sept. 25-27, 2008, Dalian, China}, url = {http://www.gridbus.org/papers/hpcc2008_keynote_cloudcomputing.pdf}}

@article{1239909,
	Address = {Amsterdam, The Netherlands, The Netherlands},
	Author = {Casanova, Henri and Obertelli, Graziano and Berman, Francine and Wolski, Richard},
	Date-Added = {2009-11-13 19:22:24 +0100},
	Date-Modified = {2009-11-14 22:37:24 +0100},
	Issn = {1058-9244},
	Journal = {Sci. Program.},
	Number = {3},
	Pages = {111--126},
	Publisher = {IOS Press},
	Title = {The AppLeS Parameter Sweep Template: User-level middleware for the Grid},
	Volume = {8},
	Year = {2000}}