@inproceedings{weissman-mr-11,
 author = {Cardosa, Michael and Wang, Chenyu and Nangia, Anshuman and Chandra, Abhishek and Weissman, Jon},
 title = {Exploring MapReduce efficiency with highly-distributed data},
 booktitle = {Proceedings of the second international workshop on MapReduce and its applications},
 series = {MapReduce '11},
 year = {2011},
 isbn = {978-1-4503-0700-0},
 location = {San Jose, California, USA},
 pages = {27--34},
 numpages = {8},
 url = {http://doi.acm.org/10.1145/1996092.1996100},
 doi = {http://doi.acm.org/10.1145/1996092.1996100},
 acmid = {1996100},
 publisher = {ACM},
 address = {New York, NY, USA},
 keywords = {MapReduce, distributed systems},
} 

@inproceedings{Ekanayake:2010:TRI:1851476.1851593,
 author = {Ekanayake, Jaliya and Li, Hui and Zhang, Bingjing and Gunarathne, Thilina and Bae, Seung-Hee and Qiu, Judy and Fox, Geoffrey},
 title = {Twister: a runtime for iterative MapReduce},
 booktitle = {Proceedings of the 19th ACM International Symposium on High Performance Distributed Computing},
 series = {HPDC '10},
 year = {2010},
 isbn = {978-1-60558-942-8},
 location = {Chicago, Illinois},
 pages = {810--818},
 numpages = {9},
 url = {http://doi.acm.org/10.1145/1851476.1851593},
 doi = {http://doi.acm.org/10.1145/1851476.1851593},
 acmid = {1851593},
 publisher = {ACM},
 address = {New York, NY, USA},
 keywords = {MapReduce, cloud technologies, iterative algorithms},
}
